3768 5742
892 923 1115 990 -7....

410 1043 604 1136 plerumque
619 1063 729 1113 secuta
742 1067 811 1113 esse
825 1067 906 1113 mox
919 1043 1113 1113 videbimus.
1124 1043 1215 1112 Licet
1229 1059 1340 1110 tamen
1355 1040 1506 1129 conjicias
1521 1039 1591 1108 lor-

411 1183 481 1228 mas
494 1159 571 1229 abd.
587 1160 713 1250 weosun
729 1187 746 1224 (ι
764 1160 958 1230 fleverunt»
979 1183 1046 1250 ags.
1067 1164 1206 1248 aucupen,
1229 1181 1295 1247 aga.
1316 1156 1464 1245 hwedporr
1485 1182 1502 1220 «
1525 1157 1591 1223 mi·

411 1278 480 1345 nati
501 1299 576 1346 sunt
598 1304 630 1360 n,
649 1280 792 1366 nordgau
818 1278 1136 1368 «praevaluerunt»,
1157 1276 1295 1343 hwedron
1317 1300 1333 1337 a
1352 1276 1552 1342 tussiverunt
1572 1298 1588 1336 u

411 1413 451 1458 ex
470 1413 577 1479 germ.
602 1391 838 1481 *tol-toripume,
863 1392 1118 1479 *haul-wopam,
1147 1391 1398 1478 *swl·wugrrme,
1419 1388 1591 1456 *lrwl-wu-

410 1528 508 1589 sume,
527 1525 688 1594 mutatap
706 1529 851 1575 consona
866 1508 900 1575 in
916 1531 937 1574 u
952 1505 1099 1575 vocalem
1113 1526 1200 1574 ortas
1215 1527 1295 1572 esse.

457 1623 631 1706 Ceterum,
647 1626 674 1691 si
687 1623 866 1692 verborum
881 1643 1004 1713 quartae
1025 1622 1135 1690 classis
1155 1622 1325 1711 pristinam
1345 1619 1506 1708 originem
1526 1641 1592 1686 res·

410 1743 548 1827 perieris,
573 1763 642 1808 non
670 1742 781 1808 omnia
802 1740 913 1808 eadem
927 1739 997 1829 lege
1017 1737 1191 1807 informata
1211 1759 1280 1805 esse
1297 1759 1375 1804 mox
1396 1736 1532 1820 videbis,
1548 1738 1592 1804 ita

412 1875 448 1922 ut
463 1856 669 1925 confidenter
684 1856 789 1924 dicere
808 1858 911 1946 possis
929 1857 1012 1925 hanc
1035 1855 1170 1924 classem
1191 1853 1341 1939 nondum
1360 1852 1394 1920 in
1415 1853 1592 1922 indoeuro·

410 1995 478 2063 paea
490 1972 601 2062 lingua
617 1975 791 2056 exstitisse,-
806 1973 863 2042 sed
878 1974 963 2064 apud
981 1973 1165 2042 Germanos
1180 1989 1310 2039 tantum
1325 1970 1360 2037 in
1382 1970 1490 2039 lucem
1511 1993 1592 2059 pro-

409 2084 516 2155 diisse.

452 2200 602 2291 a)Verba
612 2227 685 2295 quae
694 2227 754 2294 pro
764 2203 865 2292 gradu
875 2205 1022 2293 graviore
1033 2203 1048 2269 I
1059 2202 1172 2270 radicis
1182 2201 1328 2269 vocalem
1342 2214 1363 2268 ᾶ
1371 2203 1406 2269 in
1415 2199 1591 2269 indoeuto-

407 2317 594 2408 paealingua
604 2319 773 2404 exhibent,
784 2343 860 2388 cum
871 2343 967 2408 saepe,
981 2339 1017 2387 ut
1027 2341 1124 2408 supra
1132 2316 1444 2401 demonstravimus,
1457 2318 1492 2384 in
1503 2317 1591 2383 simi-

408 2431 582 2501 litudinem
602 2434 778 2504 verborum
798 2444 892 2524 perd
910 2434 1039 2503 brevem
1061 2435 1229 2524 praesentis
1249 2435 1385 2522 stirpem
1404 2431 1589 2500 informan-

410 2548 493 2615 tium
511 2569 601 2637 rapta
620 2547 754 2632 fuerint,
774 2573 1014 2641 nonnunquam
1035 2569 1145 2617 tamen
1166 2547 1348 2616 vocalemri
1370 2550 1404 2616 in
1426 2547 1589 2635 germani·

409 2686 481 2731 cam
495 2677 514 2733 ῦ
527 2666 737 2734 immutatam
756 2665 797 2734 ad
816 2665 1057 2734 informandam
1072 2665 1239 2754 praesentis
1258 2666 1393 2755 stirpem
1418 2683 1587 2753 usurpant.

458 2799 488 2846 1.
505 2779 536 2845 A
551 2778 710 2847 radicibus
722 2781 813 2870 plag,
830 2780 921 2870 krdg,
939 2780 994 2848 kris
1008 2779 1149 2847 derivata
1166 2799 1243 2846 sunt
1258 2779 1355 2846 verba
1374 2800 1479 2864 germ.
1495 2775 1591 2867 *stoke

410 2919 427 2954 «
444 2891 605 2960 maledico
623 2919 655 2975 u,
675 2894 798 2984 *hropjd
819 2918 935 2963 avoco
955 2923 985 2978 n,
1001 2896 1132 2986 *huosjn
1143 2922 1159 2959 a
1178 2898 1282 2963 tussio
1300 2923 1331 2960 u.
1345 2894 1476 2976 Quibus
1486 2891 1585 2960 adde:

451 3026 484 3075 2.
511 3008 657 3076 Verbum
681 3009 795 3098 *glo-jo
818 3036 835 3073 «
860 3009 981 3078 candeo
1007 3035 1038 3092 n,
1062 3009 1137 3077 ahd.
1158 3009 1343 3099 glu0(1)an,
1370 3032 1416 3076 as.
1440 3006 1585 3098 glauca,-

405 3142 457 3189 an.
473 3122 549 3210 glori
564 3121 619 3212 [cf.
636 3121 712 3190 ahd.
729 3125 818 3212 gluot
835 3151 852 3188 <r
870 3148 986 3214 pruna,
1004 3126 1089 3211 ignis
1107 3151 1138 3208 a,
1155 3147 1221 3213 ags.
1239 3123 1381 3215 glid(c);
1389 3126 1509 3213 glomer,
1520 3122 1587 3211 glo·

405 3257 505 3325 mung
520 3262 537 3299 «
555 3237 796 3325 crepusculum,
813 3238 993 3307 diluculum
1011 3265 1050 3322 »3
1069 3239 1110 3308 cf.
1128 3263 1181 3307 an.
1199 3238 1341 3328 gldmr«
1358 3236 1468 3305 luna»
1486 3237 1548 3328 (?)]
1570 3259 1588 3303 e

406 3348 513 3417 radice
526 3350 606 3439 glria
620 3350 849 3438 informatum,
867 3353 907 3422 cf.
925 3355 961 3423 lit
976 3354 1056 3444 ilejb
1073 3354 1331 3444 «crepusculum
1348 3379 1378 3418 u.

451 3486 481 3552 3.
498 3465 645 3534 Verbum
660 3486 732 3556 got.
750 3467 876 3557 *lojani
889 3495 921 3559 p.
940 3469 1061 3538 lailoun
1078 3497 1095 3534 a
1112 3473 1344 3560 ἐλοιδόρησαν»
1364 3465 1419 3557 [cf.
1431 3491 1478 3535 as.
1491 3468 1588 3536 laban

403 3602 436 3668 p.
455 3581 518 3670 lug,
538 3582 584 3649 H.
603 3601 681 3670 954,
699 3581 775 3653 ahd.
796 3583 894 3652 laban
914 3610 946 3675 p.
968 3587 1048 3676 luag
1068 3583 1179 3675 (Otfr.
1202 3605 1236 3668 2,
1258 3587 1291 3666 6,
1316 3583 1364 3674 3),
1385 3606 1453 3671 ags.
1474 3584 1586 3652 leahan

402 3694 484 3777 latin,
502 3719 535 3785 p.
552 3697 614 3787 lag.
631 3724 647 3762 u
663 3701 846 3789 vituperare
858 3728 889 3782 n,
902 3700 940 3770 cl.
955 3723 1060 3789 germ.
1073 3700 1250 3781 *lab-stra·,
1263 3697 1340 3767 ahd.
1356 3700 1456 3766 lastar
1471 3726 1488 3762 «
1501 3701 1586 3767 vitu·

401 3813 539 3898 petatio,
560 3813 817 3902 reprehensio»,
839 3839 908 3906 ags.
933 3816 1076 3896 Italarum
1104 3838 1209 3906 germ.
1233 3814 1402 3896 *lab-stu-,
1427 3837 1482 3883 an.
1512 3814 1586 3904 lpstr

404 3926 555 3994 «vitium
580 3927 610 4017 n]
634 3950 651 3994 a
674 3927 779 3996 radice
800 3930 845 4012 Ιᾶ,
868 3931 939 3999 Ira-k
964 3929 1194 4011 informatum,
1211 3928 1299 3997 unde
1317 3928 1374 3995 lat.
1397 3927 1580 4011 lammam,

401 4033 531 4122 littrdre,
546 4041 595 4110 lit.
613 4040 689 4132 ldju,
703 4042 770 4125 loti,
787 4045 859 4132 abg.
873 4046 951 4136 lujat,
964 4046 1059 4136 lajati
1070 4073 1087 4110 a
1100 4045 1216 4114 latrare
1227 4071 1260 4126 u,
1271 4067 1322 4133 gr.
1334 4050 1439 4116 λᾱκέω
1448 4051 1580 4118 loon.

444 4178 478 4243 4.
495 4154 643 4224 Verbum
658 4158 814 4250 gro(w)jo
832 4183 850 4227 a
872 4160 976 4228 radice
995 4175 1098 4250 grew,
1121 4184 1201 4251 grau
1218 4186 1235 4225 «
1254 4182 1430 4228 crescere»
1454 4159 1582 4230 deriva-

400 4290 474 4338 tum
498 4290 567 4354 est3
593 4296 667 4362 quae
690 4293 801 4342 tamen
830 4298 906 4343 cum
934 4275 1040 4344 radice
1069 4297 1174 4362 germ.
1204 4289 1273 4364 gro,
1304 4274 1457 4342 indoeur.
1481 4274 1576 4365 ghro,

399 4407 538 4476 cognata
554 4410 623 4456 esse
635 4388 776 4461 videtur.

443 4502 478 4592 b)
495 4502 608 4599 'Verba
631 4527 711 4594 pura
734 4529 752 4573 a
775 4506 933 4576 radicibus
957 4509 990 4575 in
1015 4521 1031 4575 ἑ
1054 4506 1276 4576 desinentibus
1307 4505 1483 4598 informata
1510 4530 1580 4576 esse

398 4621 592 4708 monstravit
619 4621 765 4706 Bremer,
786 4623 884 4692 Bcitr.
911 4624 974 4710 XI,
995 4645 1056 4712 271
1081 4648 1156 4715 sqq.¹
1167 4649 1177 4708 ;
1202 4647 1275 4715 quae
1293 4623 1389 4692 verba
1412 4623 1452 4691 ad
1472 4623 1577 4693 infor-

395 4731 550 4803 mandam
567 4738 685 4825 pariter
697 4740 861 4825 praesentis
876 4741 1093 4830 praeteritique
1113 4741 1248 4827 stirpem
1268 4737 1415 4806 vocalem
1429 4751 1448 4805 ῡ
1463 4736 1513 4828 (id
1529 4758 1577 4807 est
1675 4767 1679 4774 ·

394 4847 533 4934 gradum
547 4853 730 4936 graviorem
746 4852 777 4919 ll
793 4852 923 4944 radicis)
938 4874 1107 4945 usurpant.

438 4964 469 5030 A
490 4963 595 5032 radice
613 4966 680 5035 tlte·
694 4993 711 5031 «
733 4989 874 5056 turgere,
897 4968 1013 5038 florere
1035 4997 1051 5034 u
1078 4969 1221 5039 derivata
1242 4989 1321 5038 sunt
1339 4962 1444 5059 germ.
1465 4969 1572 5058 *blesa
