3768 5742
909 995 1110 1058 ..9-

992 1250 1025 1317 II

460 1464 567 1533 Verba
584 1488 726 1556 quorum
741 1465 908 1554 praesentis
924 1465 1019 1552 stirps
1034 1461 1279 1551 diphthongum
1295 1465 1330 1530 ai
1343 1480 1498 1551 sequente
1516 1482 1594 1527 con·

415 1601 496 1646 sona
511 1581 654 1663 exhibet,
669 1580 707 1648 ab
723 1582 761 1648 iis
777 1581 916 1647 minime
928 1579 1048 1648 distant
1065 1578 1105 1647 de
1121 1578 1238 1668 quibus
1258 1600 1354 1668 supra
1369 1575 1590 1644 disseruimus.

416 1693 549 1762 Etenim
567 1695 767 1762 elementum
785 1699 812 1781 i,
835 1697 868 1762 in
891 1697 1077 1784 germanica
1096 1693 1305 1783 diphthongo
1325 1698 1360 1778 af
1380 1715 1449 1760 non
1476 1689 1594 1758 vocaiis

414 1809 470 1878 sed
495 1813 605 1899 potius
634 1813 846 1878 consonantis
873 1812 942 1878 vim
970 1811 1080 1894 habet,
1111 1813 1155 1879 ita
1181 1829 1217 1878 ut
1250 1811 1346 1898 stirps
1377 1809 1465 1877 verbi
1494 1807 1599 1893 *haiti

415 1953 431 1991 ιι
449 1949 533 1994 voco
552 1952 568 1989 n
584 1926 703 2015 pariter
717 1949 753 1994 ac
766 1926 856 2017 verbi
869 1927 979 1994 *haldo
1002 1955 1018 1992 ιι
1041 1947 1139 1995 teneo
1161 1953 1195 2009 n,
1218 1925 1432 1993 biconsonam
1451 1923 1593 1992 vocalia

410 2042 591 2128 subjectam
605 2040 755 2130 praebeat.

455 2158 495 2246 a)
521 2157 640 2225 Gotica
662 2157 774 2245 lingua
797 2157 1043 2247 diphthongum
1067 2161 1102 2226 ai
1124 2160 1159 2225 in
1185 2159 1351 2247 praesentis
1374 2156 1532 2246 participii
1560 2175 1591 2222 et

410 2275 564 2363 praeteriti
589 2274 689 2363 stirpe
718 2275 837 2363 pariter
863 2294 1008 2364 usurpat.
1036 2297 1086 2363 pr.
1121 2274 1275 2363 af-aikan
1311 2301 1328 2338 ιι
1359 2275 1513 2363 ἀρνεῖσθαι
1543 2296 1588 2353 »;

403 2392 534 2480 fraisan
548 2394 734 2482 «πειράζειν
745 2417 761 2454 s>
777 2419 786 2476 3
805 2391 915 2458 haitan
934 2395 1140 2474 «ἐπικαλεῖν,
1156 2400 1274 2480 καλεῖν,
1284 2378 1416 2494 &ostiu
1432 2417 1448 2453 s
1461 2414 1471 2472 ;
1484 2387 1590 2455 laihan

413 2517 579 2596 «σκιρτᾶν
595 2532 635 2592 »;
654 2509 778 2574 ntaiian
795 2533 812 2572 ιι
834 2511 963 2578 κόπτειν
979 2535 1012 2578 τι
1027 2534 1044 2570 ι)
1059 2535 1069 2592 3
1088 2504 1222 2574 skaidan
1237 2509 1419 2597 «χωρίζειν,
1437 2507 1587 2592 διχάζειν,

407 2626 621 2712 χωρίζεσθαι»
640 2647 649 2705 ;
667 2622 847 2713 gahlaiban
865 2631 1090 2713 «παρακαλεῖν
1107 2647 1138 2690 a.

453 2737 491 2804 Ρ.
509 2761 542 2827 p.
559 2737 697 2823 *aikans,
709 2739 867 2826 fraisans,
885 2756 947 2805 cet.

453 2853 491 2920 Ρ.
512 2853 639 2942 afaiaik
661 2854 710 2921 M.
734 2857 789 2938 26,
811 2875 867 2943 72,
891 2855 946 2922 Mc
969 2876 1021 2942 14,
1045 2856 1101 2936 68,
1121 2853 1151 2938 J.
1178 2854 1231 2934 18,
1256 2871 1311 2939 25,
1334 2872 1389 2937 27.
1411 2851 1591 2940 usfaifraisi

407 2966 475 3036 Th.
491 2989 522 3055 3,
544 2989 572 3056 5.
592 2969 714 3037 haihait
730 2972 776 3036 M.
794 2973 828 3053 8,
849 2973 901 3052 18,
917 2990 979 3038 cet.
1000 2968 1205 3036 andhaihaist
1226 2967 1269 3035 T.
1295 2970 1329 3052 6,
1353 2988 1403 3034 12.
1425 2966 1589 3034 haihaitun

408 3082 456 3150 M.
477 3104 532 3166 to,
550 3105 607 3172 25,
626 3104 687 3153 cct.
711 3085 956 3172 andhaihaitiJ.
980 3108 1011 3173 9.
1039 3107 1094 3155 22.
1121 3086 1303 3175 afmaimait
1325 3085 1391 3151 Mc.
1414 3085 1447 3168 6,
1467 3086 1584 3151 r6cet.

407 3199 599 3266 maimaitun
619 3201 687 3267 Mc.
717 3222 770 3283 11,
794 3201 828 3268 8.
848 3199 1044 3290 afskaiskaid
1067 3198 1141 3268 Gal.
1164 3220 1198 3283 2,
1222 3220 1272 3266 12.
1293 3198 1529 3287 afskaiskaidun
1548 3198 1586 3265 L.

407 3335 440 3398 92
460 3333 513 3402 33·

450 3428 537 3518 h)1n
553 3451 712 3519 praesente
724 3420 903 3500 verborum
917 3432 1069 3501 secundae
1084 3432 1192 3500 classis
1217 3430 1442 3521 diphthongus
1461 3453 1586 3518 germa-

405 3545 477 3612 nica
491 3549 527 3614 ai
540 3548 575 3614 in
590 3550 621 3614 ai
644 3548 780 3616 diutisce
800 3551 938 3618 vertitur
949 3576 959 3634 ;
979 3551 1135 3639 praeteriti
1155 3550 1265 3638 stirps,
1287 3571 1344 3638 per
1367 3547 1586 3636 apophoniam

403 3662 585 3748 informati,
601 3666 749 3734 vocalem
763 3680 781 3734 ι·
794 3669 991 3756 promissam
1005 3667 1127 3756 praebet
1144 3691 1216 3757 quae
1231 3668 1264 3734 in
1281 3689 1317 3733 aa
1333 3669 1366 3732 ia
1381 3667 1408 3732 ie
1423 3667 1584 3733 autetiam

359 3803 362 3809 ¹
404 3801 477 3846 raro
491 3781 526 3847 in
539 3784 569 3848 ai
581 3780 743 3872 (na-scait,
761 3783 899 3872 ara-heir)
912 3803 1146 3852 commutatur.
1163 3781 1236 3873 (Cf.
1254 3805 1363 3872 supra,
1380 3805 1413 3870 p.
1433 3782 1483 3871 3.)

447 3897 503 3964 Pr.
522 3896 614 3965 mhd.
635 3900 755 3967 aischcn
781 3925 797 3964 ιι
814 3923 946 3990 poscere
965 3927 996 3983 n,
1018 3900 1093 3969 ahd.
1112 3900 1223 3989 bairan
1247 3927 1263 3962 ιι
1280 3921 1408 3982 vocare,
1429 3900 1536 3967 vocari
1552 3923 1582 3986 n,

403 4013 526 4099 narizan
553 4039 569 4076 ιι
583 4014 743 4096 scindere,
767 4015 909 4085 incidere
928 4044 961 4103 n,
986 4019 1111 4086 saeidan
1134 4043 1150 4082 ι
1172 4039 1332 4106 separare,
1352 4015 1532 4083 discernere
1551 4040 1582 4099 a,

400 4127 535 4213 sweifan
553 4154 569 4191 ιι
585 4127 746 4213 volutare,
762 4151 893 4200 nectere
912 4158 943 4216 n,
958 4137 1064 4221 (cisun
1083 4155 1258 4221 «carpere,
1275 4131 1426 4200 divellere
1443 4157 1473 4200 u.

448 4244 485 4310 P.
504 4267 537 4333 p.
558 4242 651 4312 mhd.
673 4248 865 4333 genistam,
888 4248 964 4316 ahd.
986 4249 1167 4336 ga-heizan,
1187 4251 1383 4336 gra-meiana,
1403 4245 1584 4334 ga-sreidan

401 4356 642 4450 (-saeitan).cet.

447 4473 486 4541 P.
502 4474 595 4543 mhd.
614 4475 704 4561 iarah,
722 4477 797 4546 ahd.
815 4479 885 4566 hier
898 4481 979 4568 mian
991 4480 1073 4546 sried
1087 4478 1183 4566 saaiaf
1192 4480 1266 4566 rias.

446 4587 479 4677 a)
497 4589 536 4656 In
559 4591 730 4659 Saxonum
747 4591 859 4681 lingua
878 4614 1025 4662 mutatur
1043 4595 1228 4679 germanica
1248 4594 1474 4684 diphthongus
1496 4595 1531 4660 ai
1547 4594 1582 4660 in

325 4757 330 4770 .
399 4702 546 4771 vocalem
560 4717 578 4770 ῑ
594 4709 802 4792 promissam,
819 4731 917 4798 quam
931 4711 1029 4778 etiam
1044 4712 1198 4800 praeteriti
1212 4711 1307 4800 stirps
1323 4711 1455 4799 praebet.
1478 4709 1582 4777 inter-

399 4837 574 4886 esttamen
590 4819 658 4889 haec
667 4820 834 4892 distinctio
851 4826 936 4892 inter
951 4828 1119 4915 praesentis
1132 4844 1162 4893 et
1179 4826 1332 4914 praeteriti
1349 4824 1475 4893 vocales
1491 4823 1579 4913 quod

387 4931 483 4999 -hanc
495 4933 603 5024 (velut
617 4937 651 5004 in
666 4937 775 5029 hitan)
786 4938 1010 5008 Cotronianus
1022 4940 1126 5009 codex
1139 4963 1267 5030 semper
1282 4941 1444 5029 integram
1458 4958 1576 5022 servat,

397 5045 485 5114 illam
499 5071 616 5119 contra
634 5053 740 5143 (velut
754 5056 788 5121 in
809 5055 873 5144 hit)
889 5057 923 5123 in
944 5056 1189 5146 diphthongum
1211 5059 1239 5124 ia
1260 5055 1452 5146 plerumque
1468 5055 1576 5124 vertit.
