3768 5742
806 1030 849 1040 ..
896 993 938 1076 84
985 1029 1029 1039 ..

325 1129 417 1195 viore
430 1127 462 1195 ll
478 1127 750 1197 confundebatur.
766 1129 856 1197 Cum
878 1132 968 1198 enim
989 1132 1076 1198 inter
1099 1131 1215 1219 stirpes
1231 1131 1399 1219 praesentis
1415 1129 1502 1211 hald,

324 1244 403 1325 hait,
419 1257 514 1326 staur,
532 1242 605 1326 blot,
625 1242 704 1325 bow,
719 1244 784 1333 slep
800 1265 832 1314 et
848 1247 1002 1335 praeteriti
1015 1245 1103 1327 hald,
1121 1244 1189 1313 hait
1203 1263 1267 1313 cet.
1293 1244 1506 1333 discrepantia

325 1360 413 1429 nulla
426 1379 524 1444 esset,
542 1360 713 1450 oportebat
729 1361 792 1429 alio
808 1361 954 1452 quodam
975 1361 1078 1430 modo
1097 1363 1300 1452 praetcritum
1314 1384 1332 1428 a
1350 1379 1509 1451 prasente

323 1474 501 1562 distingui3
519 1475 596 1543 inde
611 1475 806 1564 reduplicata
821 1476 942 1564 syllaba
964 1478 1052 1545 velut
1073 1475 1233 1544 indicium
1257 1477 1412 1566 praeteriti
1426 1475 1509 1543 facta

323 1610 385 1660 est.
401 1591 519 1658 Fateor
533 1590 667 1680 quidem
683 1591 780 1659 verba
794 1611 918 1680 quartae
933 1592 1042 1660 classis
1057 1611 1089 1658 et
1100 1591 1333 1680 reduplicatam
1349 1589 1505 1679 syllabam

323 1725 355 1774 et
370 1706 616 1774 distinctionem
634 1708 721 1775 inter
739 1709 874 1796 stirpem
892 1710 1077 1794 graviorem
1095 1708 1109 1774 l
1126 1706 1202 1798 (let)
1217 1727 1250 1775 et
1264 1707 1295 1775 ll
1310 1705 1387 1797 (lot)
1402 1729 1509 1773 serva·

320 1822 417 1889 visse.
434 1819 499 1888 Sed
513 1820 841 1889 animadvertendum
863 1841 913 1888 est
935 1822 1136 1910 praeteritum
1161 1820 1338 1889 verborum
1357 1819 1397 1888 ad
1421 1822 1505 1888 hanc

322 1933 592 2002 informationem
607 1935 842 2024 pertinentium
856 1955 913 2002 aut
936 1935 1084 2003 vocalem
1099 1949 1118 2002 ῦ
1131 1954 1188 2002 aut
1211 1933 1358 2002 vocalem
1379 1947 1396 2002 ἱ
1417 1933 1503 2010 hand

322 2073 413 2118 secus
427 2071 464 2116 ac
479 2072 618 2140 presens
637 2049 841 2134 exhibuisse3
867 2050 944 2118 inde
969 2053 1131 2139 conjicere
1149 2052 1255 2141 possis
1270 2049 1502 2140 reduplicatam

322 2164 491 2254 syllabam,
508 2188 583 2234 cum
597 2167 632 2233 in
646 2164 743 2255 *slepa
764 2193 781 2229 (ι
798 2166 929 2234 dormio
947 2193 980 2248 n,
995 2167 1148 2254 *se-slepe,
1172 2185 1245 2234 tum
1261 2165 1418 2254 analogiae
1432 2164 1502 2252 lege

323 2283 356 2349 in
369 2281 445 2348 *leto
467 2282 659 2370 «permitto
676 2307 708 2362 n,
732 2280 867 2362 *le-lota,
893 2283 974 2351 *talto
1001 2308 1017 2346 n
1037 2284 1129 2370 capio
1147 2308 1179 2364 n,
1200 2281 1324 2349 *te-tolca
1343 2299 1502 2348 servatam

322 2393 431 2463 fuisse.
458 2395 508 2463 Eo
535 2394 770 2478 confidentius,
797 2396 886 2486 quod
909 2397 1047 2465 verbum
1068 2396 1157 2464 *valed
1179 2396 1236 2486 (ab
1259 2394 1373 2463 eadem
1397 2394 1502 2463 radice

322 2509 536 2577 informatum
550 2533 614 2600 qua
628 2510 766 2578 verbum
779 2511 877 2603 *teko)
886 2515 978 2600 cujus
993 2513 1161 2600 praesentis
1176 2513 1286 2600 stirps,
1297 2533 1354 2599 per
1363 2510 1500 2600 gradum

322 2623 442 2693 vocalis
456 2623 611 2692 leviorem
627 2625 659 2692 ll
672 2623 849 2693 informata
865 2648 933 2692 non
946 2624 1095 2693 eamdem
1109 2625 1258 2693 vocalem
1268 2624 1389 2714 praebet
1403 2647 1502 2714 quam

321 2743 418 2830 stirps
437 2741 604 2831 praeteriti,
626 2763 696 2808 non
719 2739 809 2808 verbi
833 2741 940 2830 *slepa
959 2764 1001 2808 ne
1022 2740 1114 2809 verbi
1136 2741 1270 2831 quidem
1291 2741 1372 2809 *talto
1392 2739 1501 2808 analo-

320 2861 409 2948 giam
432 2879 581 2927 secutum
604 2877 666 2941 est,
690 2858 760 2940 sed,
784 2860 901 2926 amissa
923 2857 1120 2948 reduplicata
1141 2857 1274 2947 syllaba,
1293 2858 1327 2926 in
1351 2857 1501 2925 similitu·

321 2974 433 3042 dinem
447 2972 625 3041 verborum
638 2971 822 3041 validorum
836 2992 935 3040 sextae
947 2972 1054 3040 classis
1070 2992 1201 3062 raptum
1216 2992 1276 3042 est.

366 3087 431 3157 Sed
451 3111 527 3156 cnm
549 3088 746 3178 reduplicata
760 3087 881 3177 syllaba
895 3089 985 3157 velut
998 3086 1156 3156 indicium
1173 3088 1326 3177 praeteriti
1339 3085 1422 3155 facta
1437 3105 1499 3169 est,

320 3204 411 3273 facile
420 3204 742 3292 intelligemusverba
752 3227 809 3293 per
817 3205 1025 3272 iterationem
1036 3206 1150 3293 primae
1159 3204 1289 3293 syllabae
1298 3205 1498 3293 praeteritum

321 3319 532 3388 informantia
545 3319 801 3387 vicissitudinem
822 3320 1011 3408 graviorum
1030 3339 1063 3387 et
1082 3318 1245 3388 leviorum
1264 3319 1415 3408 stirpium
1430 3341 1498 3386 non

321 3433 512 3519 servavisse,
527 3433 583 3502 sed
597 3433 711 3524 plurali
727 3457 866 3501 numero
886 3435 1053 3522 praeteriti,
1069 3433 1227 3521 analogiae
1249 3434 1334 3520 lege,
1350 3434 1499 3502 eamdem

320 3549 469 3618 vocalem
483 3573 584 3640 quam
597 3551 752 3638 singulari
768 3573 908 3618 numero
919 3570 951 3617 et
963 3551 1115 3638 praesenti
1124 3549 1320 3634 adhibuisse,
1332 3550 1499 3637 cujusdem

321 3668 487 3753 praesentis
500 3666 535 3732 in
549 3665 798 3732 similitudinem
813 3684 847 3732 et
866 3666 1023 3753 participii
1043 3667 1197 3754 praeteriti
1216 3667 1313 3753 stirps
1329 3685 1419 3753 rapta
1438 3684 1497 3732 est.

321 3781 451 3847 Mutata
472 3799 550 3847 sunt
573 3780 675 3869 igitur
696 3803 728 3869 p.
753 3777 799 3868 pl.
821 3779 1044 3868 *fe-fungum
1068 3805 1084 3842 n
1102 3781 1248 3868 cepimus
1270 3805 1286 3842 n
1313 3780 1347 3846 in
1366 3779 1501 3869 *fe-fan·

319 3919 426 3985 guma,
443 3894 629 3963 *he-hitume
645 3921 661 3960 α
679 3896 869 3963 vocavimus
886 3921 902 3959 n
919 3897 952 3963 in
966 3895 1185 3977 *he-haitume,
1198 3895 1363 3964 *e-ukume
1378 3921 1395 3960 n
1412 3897 1500 3964 auxi·

320 4033 395 4077 mus
411 4035 428 4074 n
443 4011 479 4078 in
493 4009 685 4091 *c-aulucmc,
702 4010 880 4078 *le-latume
899 4011 1168 4099 «permisimus»
1185 4013 1218 4079 in
1234 4014 1406 4081 *le-lotume
1420 4031 1498 4095 cet.,

320 4126 487 4215 participio
499 4127 597 4193 etiam
608 4124 756 4193 eamdem
766 4125 915 4193 vocalem
924 4125 1089 4214 praebente
1102 4151 1110 4193 :
1123 4127 1312 4218 *sangenon
1323 4127 1496 4210 *haitanan

317 4239 488 4309 *aukanan
507 4241 589 4309 Mox
603 4244 703 4310 etiam
715 4242 749 4309 in
760 4241 866 4310 verbis
881 4242 1005 4332 quintae
1014 4242 1122 4309 classis
1135 4243 1282 4310 vocalem
1299 4244 1496 4332 praeteritio,

318 4377 392 4444 quae
411 4356 445 4421 in
469 4356 637 4425 Gotorum
659 4375 790 4424 tantum
812 4380 964 4425 sermone
984 4357 1112 4444 integra
1131 4377 1257 4425 servata
1271 4379 1333 4440 est,
1352 4382 1370 4426 a
1386 4361 1499 4427 ceteris

319 4469 507 4552 Germanis,
524 4470 681 4560 analogiae
695 4470 778 4559 lege,
794 4474 828 4540 in
844 4485 861 4540 2
876 4489 1037 4540 mutatam
1053 4471 1151 4539 fuisse
1165 4473 1247 4540 infra
1261 4472 1455 4541 videbimus.

361 4587 558 4670 Accentum,
574 4609 674 4676 quem
687 4587 723 4653 in
737 4587 967 4675 indoeuropaea
984 4586 1071 4654 haud
1091 4609 1184 4655 secus
1204 4608 1303 4680 atque
1321 4591 1357 4656 in
1372 4609 1499 4675 germa-

316 4701 388 4767 nica
402 4682 514 4789 lingua
526 4703 712 4792 antiquiore
726 4702 830 4790 prima
843 4703 950 4791 stirpis
969 4701 1091 4790 syllaba
1114 4705 1149 4770 in
1169 4705 1332 4793 praeterito
1348 4702 1497 4787 habebat,

316 4816 511 4906 reduplicata
525 4817 658 4908 syllaba,
674 4838 729 4886 aut
748 4821 814 4908 jam
833 4837 910 4885 ante
931 4835 1059 4908 tempus
1082 4843 1150 4910 quo
1171 4822 1329 4909 spirantes
1344 4842 1498 4889 consonae

314 4930 348 4997 in
367 4929 490 5000 medias
503 4955 603 5001 versae
615 4951 706 5017 sunt,
723 4954 792 5014 ant,
808 4929 900 5023 quod
918 4932 998 5000 mihi
1013 4935 1202 5021 conjectura
1217 4932 1414 5023 probabilius
1427 4957 1498 5003 esse

314 5045 455 5131 videtur,
472 5047 569 5137 paulo
585 5069 673 5139 post,
687 5049 748 5118 sub
762 5048 841 5117 illud
857 5068 987 5138 tempus
1001 5071 1069 5138 quo
1084 5051 1118 5116 in
1135 5052 1291 5120 omnibus
1304 5051 1497 5139 germanicis
