3768 5742
730 927 739 942 .
822 962 866 974 -
914 925 958 1009 ⁶4
1000 961 1047 974 .-

397 1085 426 1136 1.
452 1066 622 1134 pratentis
644 1066 758 1154 stirps,
785 1065 861 1156 quia
883 1065 918 1132 in
942 1064 1173 1156 indoeuropaea
1196 1065 1307 1156 lingua
1332 1069 1525 1159 plerumque

348 1202 440 1250 acuta
450 1202 510 1264 est,
520 1181 656 1272 gradum
664 1183 848 1271 graviorem
862 1183 1006 1272 primum
1018 1181 1137 1250 vocalis
1147 1205 1225 1250 cum
1235 1184 1270 1251 in
1281 1184 1524 1275 indoeuropaea,

348 1299 473 1365 tum-in
497 1298 680 1385 germanica
703 1295 813 1385 lingua
836 1297 1028 1389 plerumque
1053 1296 1188 1388 praebet.
1206 1297 1260 1368 Cl.
1278 1299 1365 1368 *bero
1385 1298 1523 1368 aferou

347 1410 515 1502 (indoeur.
532 1412 666 1502 *bbero),
684 1411 797 1480 *benaa
816 1439 833 1477 a
851 1415 960 1481 vincio
979 1439 996 1477 u
1019 1412 1187 1503 (indoeur.
1212 1414 1397 1506 *bbendho),
1413 1415 1526 1506 *steigo

352 1549 437 1611 aen,
453 1527 590 1596 ascendo
607 1554 623 1592 u
644 1525 811 1618 (indoeur.
838 1527 1000 1618 *steigho),
1024 1528 1139 1596 *baudo
1162 1555 1186 1593 a·
1196 1528 1300 1597 offero
1320 1528 1522 1620 »(indoeur.

348 1643 514 1734 bhcpdho).
530 1642 726 1712 Notandum
749 1663 797 1711 est
820 1665 931 1712 tamen
954 1667 1021 1712 non
1039 1643 1141 1713 modo
1158 1646 1193 1712 in
1206 1643 1453 1735 indoeuropaea,
1467 1645 1525 1714 sed

347 1760 445 1827 etiam
467 1761 501 1826 in
524 1761 706 1846 germanica
728 1759 837 1848 lingua
860 1761 1030 1849 praesentia
1055 1784 1298 1851 nonnunquam
1327 1762 1366 1829 ab
1396 1763 1525 1831 aoristis

346 1891 517 1939 accentum
533 1891 680 1941 mutuata
701 1897 784 1957 esse,
800 1873 888 1940 unde
909 1875 1013 1942 vocali
1035 1897 1105 1941 non
1125 1877 1191 1961 jam
1209 1874 1328 1962 gradus
1350 1879 1482 1963 gravior
1494 1877 1523 1958 Ι,

345 1986 403 2055 sed
416 2006 473 2056 aut
486 1988 586 2056 levior
601 1988 616 2056 I
629 1987 688 2079 (cf.
706 2010 810 2075 germ.
828 1988 917 2057 *ΙῐιΙιῡ
935 2013 953 2057 a
969 1989 1075 2058 radice
1090 1989 1160 2058 leuk
1179 1990 1317 2081 «pando
1336 1991 1386 2083 a),
1404 2009 1464 2060 aut·
1480 1991 1525 2059 le·

345 2095 465 2171 vior'II
478 2103 537 2194 (cf.
557 2125 660 2190 germ.
678 2104 817 2171 *trudon
835 2105 994 2173 conculco
1011 2132 1028 2169 a
1045 2130 1063 2173 a
1084 2104 1190 2174 radice
1207 2108 1292 2194 trad)
1306 2106 1448 2194 adjectus
1462 2105 1526 2176 luit

344 2218 403 2310 (de
414 2219 514 2308 gradu
529 2219 648 2288 leviore
661 2219 677 2286 I
692 2239 724 2286 et
736 2219 782 2302 ΙΙ,
799 2220 871 2288 vide
886 2219 995 2310 infra).

392 2355 423 2402 2.
447 2335 604 2402 Praeteriti
629 2357 698 2402 non
720 2334 832 2402 eadem
855 2336 1005 2424 primitus
1026 2357 1073 2404 est
1096 2337 1217 2406 vocalis
1241 2361 1314 2428 quae
1334 2340 1523 2427 praesentis3

346 2472 423 2516 cum
444 2451 533 2518 enim
554 2451 616 2518 hoc
638 2450 784 2519 vocalem
798 2475 825 2535 e,
850 2452 883 2520 id
905 2472 954 2519 est
973 2451 1112 2540 gradum
1135 2455 1320 2540 graviorem
1339 2454 1354 2520 l
1376 2453 1526 2522 exhibeat

345 2563 506 2656 (Osthoff
519 2591 527 2633 :
554 2566 732 2655 mittelstusc
742 2588 757 2646 ;
782 2567 995 2656 Brugmann:
1022 2567 1179 2658 hochstufc
1202 2569 1239 2654 13
1266 2570 1405 2658 Henry:
1432 2570 1528 2659 depr!

347 2683 499 2772 normal),
518 2699 648 2771 usurpat
662 2681 742 2749 illud
763 2682 909 2750 vocalem
930 2706 948 2750 0
968 2683 1091 2773 (germ.
1108 2684 1159 2773 a),
1175 2684 1207 2752 id
1230 2704 1278 2752 est
1296 2683 1435 2772 g'radnm
1449 2708 1527 2773 gra-

347 2799 472 2867 viorem
488 2799 518 2864 ll
533 2796 693 2888 (Osthoff
701 2823 709 2865 :
727 2798 905 2887 hochstuse;
920 2800 1111 2888 Brugmann
1126 2824 1133 2866 :
1151 2800 1369 2889 hochstuse113
1387 2801 1523 2890 Henry:

346 2915 441 3004 degrl
456 2912 579 3003 fllcht).
607 2913 753 3002 Exempli
778 2936 873 2982 causa
897 2914 995 2982 affero
1021 2917 1182 3005 praeterita
1202 2917 1323 2996 *weita
1347 2936 1419 3002 got.
1448 2919 1526 2984 wait

346 3029 511 3119 (indoeur.
527 3029 643 3113 *paida
662 3051 712 3117 gr.
730 3029 848 3120 Fons),
862 3030 963 3110 *bam
980 3050 1050 3119 got.
1068 3031 1126 3098 bar
1137 3030 1524 3121 (indoeur.*bbe·bhore)‚

346 3143 1523 3236 *scalpragot.staig(indoeuc.*se-stoipbc)‚*baudc,got.baul>(indoeur.

347 3259 590 3348 *hbe-bhopdhc)
605 3278 666 3326 cet.
681 3258 838 3327 Ceterum
854 3283 926 3350 quae
934 3259 1029 3329 luerit
1041 3262 1192 3350 primitus
1202 3285 1297 3330 causa
1306 3260 1525 3330 distinctionis

346 3378 431 3444 inter
444 3375 579 3462 gradum
596 3377 779 3464 graviorem
796 3375 811 3441 1
824 3394 856 3442 et
872 3376 904 3442 II
919 3399 988 3444 non
1004 3377 1081 3445 satis
1094 3396 1203 3466 aperte
1217 3378 1422 3467 perspicitur.

394 3513 424 3579 3.
440 3492 480 3559 In
494 3490 622 3580 syllabis
638 3511 790 3559 accentus
808 3491 993 3581 expertibus
1013 3492 1134 3561 vocalis
1155 3493 1269 3561 radicis
1285 3496 1426 3562 omnino
1440 3496 1525 3562 ceci·

346 3605 394 3674 dit
407 3629 485 3674 cum
498 3630 536 3674 ex
551 3607 807 3675 consonantibus
820 3608 845 3691 1,
861 3632 896 3692 p,
918 3633 947 3688 r,
971 3608 994 3688 l,
1019 3631 1062 3690 m,
1082 3633 1116 3690 n,
1136 3608 1238 3677 vocali
1258 3608 1371 3677 radicis
1385 3607 1526 3677 subactis

345 3743 420 3790 ante
446 3740 637 3813 sequentem
661 3745 843 3790 consonam
866 3741 1022 3790 sonantes
1045 3722 1197 3790 indoeur.
1226 3726 1249 3805 i,
1274 3747 1307 3805 u,
1329 3747 1357 3810 p,
1375 3723 1399 3808 l,
1418 3748 1466 3812 τῃ,
1488 3747 1524 3808 p,

345 3835 437 3904 factae
465 3857 554 3904 sunt.
585 3837 699 3918 Quem
726 3834 865 3925 gradum
893 3837 1049 3904 leviorem
1078 3837 1111 3905 II
1138 3835 1331 3927 (Osthoffz
1363 3838 1525 3907 anhelante

346 3949 504 4040 tiefstufe;
523 3952 656 4040 Henry:
682 3952 777 4041 degrl
798 3951 919 4043 reduit)
941 3951 1068 4020 obtinet
1090 3971 1122 4021 et
1143 3955 1178 4020 in
1197 3953 1428 4043 indoeuropaea
1451 3952 1526 4044 (sed

346 4089 416 4134 non
440 4069 474 4135 in
497 4067 697 4156 germanica)
714 4068 825 4156 lingua
842 4091 1084 4157 nonnunquam
1107 4068 1238 4157 pluralis
1262 4091 1419 4137 numerus
1441 4070 1526 4138 indi·

346 4183 440 4251 cativi
454 4184 618 4273 praesemis
632 4181 691 4273 (cf.
709 4185 838 4250 tertiam
855 4207 941 4274 pers.
959 4206 986 4250 s.
999 4184 1069 4252 ind.
1082 4205 1132 4273 pr.
1144 4184 1225 4269 api,
1235 4207 1298 4252 scr.
1315 4187 1369 4267 eti,
1381 4207 1432 4273 gr.
1450 4184 1524 4267 εἶσι,

345 4321 422 4366 cum
436 4301 539 4389 prima
553 4299 596 4387 pl.
615 4320 677 4367 scr.
695 4301 802 4381 imus,
818 4323 869 4388 gr.
886 4300 1000 4392 ἴ-μεν),
1023 4319 1054 4367 et
1076 4301 1253 4390 saepissime
1272 4317 1309 4367 ut
1328 4301 1363 4366 in
1382 4301 1525 4368 indoeu-

346 4437 465 4503 ropaea,
481 4415 525 4481 ita
539 4416 717 4503 praesertim
732 4417 765 4482 in
781 4417 968 4503 germanica
982 4415 1107 4504 lingna,
1125 4415 1254 4505 pluralis
1270 4438 1426 4484 numerus
1445 4440 1526 4506 prae-

346 4532 431 4598 teriti
447 4548 479 4598 et
495 4531 698 4619 participium
713 4533 877 4620 praeteriti.
894 4532 934 4598 In
954 4533 1120 4622 praeterito
1138 4533 1239 4620 igitur
1257 4533 1344 4599 vices
1363 4531 1525 4600 alternant

344 4646 461 4734 gradus
475 4647 605 4733 gravior
624 4646 656 4712 ll
678 4647 712 4712 in
732 4647 886 4733 singulari
905 4668 1010 4732 germ.
1032 4651 1136 4729 anain,
1160 4647 1269 4728 band·,
1291 4649 1403 4737 παῖς,
1427 4647 1525 4714 baud-

345 4781 407 4829 cet.
431 4761 596 4851 (indoeur.
623 4761 726 4847 pota,
750 4761 898 4843 blondi„
921 4761 1048 4851 stuppli„
1068 4762 1206 4848 bhopdh·
1231 4761 1326 4852 cen),
1353 4780 1385 4828 et
1407 4761 1524 4852 gradus

343 4875 447 4944 levior
460 4878 492 4945 ΙΙ
506 4879 539 4945 in
555 4876 668 4967 plurali
684 4900 837 4961 numero,
849 4900 954 4965 germ.
969 4879 1053 4960 wit·,
1066 4878 1176 4960 hunsl,
1188 4879 1277 4968 stip,
1291 4877 1367 4945 bud-
1377 4896 1440 4948 cet.
1459 4879 1525 4971 (in-

345 4989 458 5060 doeur.
477 4994 544 5078 uid,
563 4993 679 5078 bhpdh,
696 4993 806 5082 stipi,
825 4991 972 5082 banda).
