3768 5742
814 891 1039 975 ..73-

337 1028 530 1098 histantum
544 1031 687 1120 exceptis
702 1029 809 1097 verbis
824 1051 968 1119 quorum
983 1028 1100 1097 radixa
1116 1051 1261 1098 consona
1271 1053 1346 1098 cum
1357 1052 1515 1122 sequente

336 1145 359 1226 l,
377 1169 404 1227 r,
422 1144 501 1235 (ni)
515 1144 644 1234 incipit3
662 1167 734 1235 quae
749 1146 888 1233 primam
903 1160 1033 1212 tantum
1047 1142 1160 1212 radicis
1175 1166 1355 1214 consonam
1363 1146 1403 1215 ad
1413 1147 1512 1216 infor·

337 1262 491 1331 mandam
506 1263 735 1352 reduplicatam
751 1261 907 1351 syllabam
923 1260 1088 1329 exhibent.

380 1377 515 1469 Faifalh
538 1403 554 1441 «
572 1376 700 1465 plicavit
718 1402 748 1460 a,
767 1376 881 1467 faifah
905 1401 921 1440 a
939 1377 1022 1464 cepit
1039 1402 1070 1459 a,
1093 1377 1217 1465 afaiaik
1243 1402 1260 1440 a
1285 1375 1463 1466 repudiavit
1479 1402 1511 1461 a,

335 1491 447 1560 lailaik
473 1491 693 1575 «saltavit»,
718 1490 881 1558 haihait«
907 1492 1037 1559 vocavit
1064 1517 1096 1575 s,
1119 1493 1265 1559 maimait
1291 1517 1308 1556 a
1333 1492 1453 1560 secavit
1478 1517 1511 1575 a,

335 1607 432 1675 aiauh
449 1634 465 1670 a
483 1607 622 1687 auxit»,
643 1606 733 1672 lailot
749 1630 765 1668 a
783 1606 930 1693 permisit
947 1631 979 1688 a,
998 1605 1106 1696 rairoh
1126 1631 1142 1669 a
1160 1607 1259 1674 suasit
1278 1631 1310 1687 a,
1325 1605 1422 1674 taitok
1436 1631 1452 1670 a
1466 1625 1513 1674 te·

335 1723 408 1811 tigit
425 1749 456 1805 »,
471 1725 553 1790 saiso
570 1747 586 1786 a
604 1723 686 1789 sevit
703 1746 734 1805 a,
751 1724 867 1788 waiwo
882 1746 898 1784 a
916 1719 1005 1789 flavit
1023 1746 1055 1805 a,
1071 1721 1150 1788 laihi
1165 1747 1181 1784 a
1199 1722 1391 1810 vituperavit
1407 1748 1438 1790 a.

378 1837 531 1906 Staistald
546 1863 562 1901 a
576 1835 719 1926 possedit
733 1862 765 1918 a,
777 1835 952 1925 hwaihwop
970 1861 986 1899 a
1004 1837 1145 1904 minatus
1160 1855 1209 1904 est
1223 1862 1240 1900 r>
1258 1835 1312 1928 [cf.
1330 1835 1509 1905 contralat.

332 1954 435 2034 si-sta,
452 1964 552 2037 ste-ti,
569 1951 748 2040 spo-pondi·
764 1975 816 2040 gr.
834 1954 1011 2042 κέ-κτημαι
1025 1949 1205 2040 «possideo
1218 1951 1510 2043 »ἔστηκα(ε-*σέ·

332 2067 470 2157 στᾶκα);
487 2089 549 2134 scr.
566 2064 702 2133 taathtir
717 2090 733 2129 a
752 2084 916 2133 steterunt
931 2089 962 2148 v.
979 2103 1026 2115 —
1038 2064 1082 2133 V.
1095 2066 1223 2154 Henry,
1238 2066 1382 2134 Gramm.
1395 2078 1508 2155 comp„

331 2181 445 2272 5238,
464 2181 508 2272 sl·

378 2297 524 2386 Faayrais
547 2322 563 2359 a
586 2295 724 2364 tentavit
747 2319 779 2377 a,
797 2291 916 2383 faistai
945 2320 961 2358 a
987 2293 1151 2363 maledixit
1174 2321 1206 2377 a,
1229 2296 1341 2384 saislep
1363 2292 1512 2386 (saizlip)

335 2436 350 2474 a
369 2410 559 2479 dormivit»
575 2412 718 2500 gaigrot,
736 2437 753 2474 a
770 2409 859 2477 flevit
878 2435 908 2479 a.

381 2526 509 2594 Goticae
523 2523 654 2612 syllabae
666 2527 702 2592 ai
715 2524 911 2613 respondere
924 2523 1053 2592 videtur
1063 2524 1098 2591 in
1107 2522 1302 2614 reduplicata
1312 2522 1432 2612 syllaba
1441 2545 1510 2592 non

331 2641 516 2728 germanica
533 2639 759 2728 diphthongus
774 2641 809 2707 ai
821 2638 878 2706 sed
888 2637 1146 2707 vocalisibrevis
1157 2662 1255 2729 quam
1264 2658 1378 2706 ceterae
1385 2637 1511 2706 dialecti

269 2768 272 2774 '
334 2756 519 2824 Germaniae
534 2778 676 2844 semper,
692 2755 868 2845 saepissime
881 2755 980 2822 etiam
994 2752 1224 2843 indoeuropaea
1238 2752 1360 2842 lingua,
1370 2755 1405 2821 in
1417 2752 1509 2821 redu·

331 2869 447 2959 plicata
461 2868 580 2959 syllaba
595 2869 747 2937 exhibent
755 2868 814 2961 (¹)
833 2869 1065 2937 Germanicam
1073 2891 1151 2936 vero
1162 2870 1306 2939 vocalem
1316 2871 1335 2935 i
1342 2870 1511 2938 Gotorum

332 2984 441 3072 lingua
456 2987 491 3051 in
505 2987 517 3052 i
530 3007 657 3073 semper
671 3002 870 3068 commutat,
883 3006 920 3051 ex
935 3006 999 3073 qua
1013 3003 1123 3050 tamen
1138 3005 1246 3051 rursus
1259 2983 1400 3074 i(quam
1410 2983 1511 3072 gotici

331 3097 443 3165 scribae
458 3121 513 3187 per
525 3098 649 3166 litteras
665 3102 700 3165 ai
716 3097 855 3166 efferunt
869 3117 945 3166 ante
960 3119 1122 3164 consonas
1136 3122 1152 3164 r
1167 3115 1198 3164 et
1212 3097 1232 3163 h
1247 3120 1304 3186 pet
1316 3097 1509 3167 fractionem

331 3212 527 3304 (Brachung)
557 3233 628 3280 orta
654 3233 714 3281 est.
739 3212 867 3302 Itaque,
893 3213 973 3279 dum
1001 3213 1194 3298 germanicis
1218 3212 1319 3281 tribus
1342 3214 1510 3302 praeteritis

331 3327 477 3408 *bihaita
500 3327 635 3417 *rerdha
660 3327 864 3416 *hwe-hwdpe
891 3327 925 3394 in
952 3327 1061 3416 gotica
1086 3324 1197 3414 lingua
1219 3327 1351 3409 haihait,
1384 3325 1507 3415 rairih,

333 3442 510 3530 hwaihwop
531 3443 696 3530 aptissime
711 3440 925 3531 respondent,
942 3464 981 3508 ex
1000 3442 1168 3531 praeteritis
1186 3442 1333 3533 *fasdlba
1353 3441 1507 3531 *fafdnhe,

332 3555 378 3624 nil
393 3558 453 3624 nisi
467 3577 538 3646 got.
554 3555 679 3648 *fifalln
701 3556 810 3647 *fisah
829 3579 897 3640 aut,
914 3578 1040 3627 mutata
1054 3557 1234 3647 consonas
1244 3557 1277 3624 in
1297 3557 1314 3624 h
1330 3554 1510 3624 secundum

332 3671 476 3760 regulam
484 3673 733 3754 Vernerianam,
742 3672 870 3764 hiiah,
880 3673 981 3762 *fibah
991 3672 1051 3764 (²),
1061 3671 1143 3740 effici
1154 3691 1272 3762 potest.
1285 3671 1397 3740 Mirari
1406 3673 1510 3761 possis

330 3787 412 3855 XVI
425 3787 548 3857 formas
562 3789 687 3878 goticas
701 3788 885 3878 analogiam
903 3789 1004 3858 trium
1018 3788 1198 3857 formarum
1212 3809 1338 3856 secutas
1352 3810 1431 3856 esse.
1446 3786 1510 3856 Sed

332 3901 672 3972 animadvertendum
689 3923 737 3972 est
750 3903 858 3971 vocali
874 3906 1005 3994 iquam
1025 3902 1220 3992 reduplicata
1237 3903 1357 3992 syllaba
1375 3900 1509 3993 praebet,

331 4015 366 4083 in
387 4017 474 4084 nulla
488 4018 588 4106 stirpe
602 4037 658 4086 aut
674 4017 842 4106 praesentis
855 4038 910 4086 aut
926 4018 1080 4106 praeteriti
1098 4018 1246 4087 vocalem
1265 4042 1280 4085 e
1301 4037 1356 4086 aut
1375 4016 1509 4085 brevem
1578 4063 1581 4070 -

332 4149 387 4199 aut
412 4133 608 4221 promissam
631 4133 842 4222 respondere,
869 4152 1005 4222 excepto
1024 4155 1194 4222 praesente,
1219 4132 1384 4202 interdum
1409 4133 1509 4201 etiam

332 4248 496 4335 praeterito
511 4246 689 4316 verborum
705 4249 829 4337 quintae
846 4248 976 4316 classis:
998 4246 1083 4330 *lita
1105 4246 1205 4316 *hidae
1215 4270 1230 4328 ,·
1244 4247 1343 4330 *rada
1362 4247 1485 4315 *arada
1493 4270 1509 4327 ;

332 4359 439 4450 *slepa
457 4361 592 4452 *sesiapa
614 4381 678 4430 cet.
701 4362 783 4431 Inde
803 4361 1106 4452 facileintelligitur
1123 4363 1158 4430 in
1178 4361 1227 4430 his
1249 4362 1368 4447 verbis,
1384 4382 1510 4430 servata

331 4475 435 4544 vocali
450 4489 466 4544 ἑ
481 4477 515 4544 in
529 4478 639 4566 gotica
652 4475 776 4566 lingua,
786 4480 887 4547 etiam
900 4477 1048 4546 vocalem
1061 4480 1080 4543 ἕ
1092 4477 1236 4561 brevem,
1249 4477 1407 4567 analogiae
1422 4477 1506 4566 lege,

332 4672 543 4685 ἡ

366 4806 394 4856 r.
411 4791 445 4847 V.
463 4791 588 4860 Scherer,
604 4791 692 4848 Gisch.
708 4791 734 4849 d.
750 4791 777 4850 d.
793 4791 913 4866 Spracha,
930 4810 955 4864 p.
973 4808 1037 4866 279.

369 4878 456 4934 ascl.
470 4897 591 4952 gracum
609 4881 725 4936 verbum
744 4882 801 4943 rior,
818 4883 891 4955 quod
911 4882 1077 4954 praeteritum
1096 4882 1174 4936 τέτικε
1192 4880 1327 4954 analogia
1340 4879 1403 4954 lege
1416 4892 1509 4936 ortum

330 4980 382 5040 pro
395 4964 497 5021 *rs-tots
510 4968 632 5037 (’τε-ποιε
641 4970 666 5040 i)
679 4969 790 5041 praebet.
