<?xml version="1.0" encoding="UTF-8"?>
<!DOCTYPE html PUBLIC "-//W3C//DTD XHTML 1.0 Transitional//EN"
    "http://www.w3.org/TR/xhtml1/DTD/xhtml1-transitional.dtd">
<html xmlns="http://www.w3.org/1999/xhtml" xml:lang="en" lang="en">
 <head>
  <title>
</title>
<meta http-equiv="Content-Type" content="text/html;charset=utf-8" />
  <meta name='ocr-system' content='tesseract 3.04.00' />
  <meta name='ocr-capabilities' content='ocr_page ocr_carea ocr_par ocr_line ocrx_word'/>
</head>
<body>
  <div class='ocr_page' id='page_1' title='image "./deverbisquinvet00lichgoog_0010.png"; bbox 0 0 3768 5742; ppageno 0'>
   <div class='ocr_carea' id='block_1_1' title="bbox 290 1081 1472 3894">
    <p class='ocr_par' dir='ltr' id='par_1_1' title="bbox 293 1081 1468 1738">
     <span class='ocr_line' id='line_1_1' title="bbox 345 1081 1466 1198; baseline 0.007 -35"><span class='ocrx_word' id='word_1_1' title='bbox 345 1081 385 1190; x_wconf 79' lang='lat' dir='ltr'>l)</span> <span class='ocrx_word' id='word_1_2' title='bbox 405 1086 728 1192; x_wconf 85' lang='lat' dir='ltr'>Anglosaxonum</span> <span class='ocrx_word' id='word_1_3' title='bbox 764 1087 1055 1197; x_wconf 74' lang='lat' dir='ltr'>(arrgelsdchsicla)</span> <span class='ocrx_word' id='word_1_4' title='bbox 1070 1089 1131 1198; x_wconf 92' lang='lat'>[],</span> <span class='ocrx_word' id='word_1_5' title='bbox 1157 1094 1358 1174; x_wconf 82' lang='lat' dir='ltr'>Saxonum</span> <span class='ocrx_word' id='word_1_6' title='bbox 1380 1091 1466 1198; x_wconf 87' lang='lat' dir='ltr'>(all-</span> 
     </span>
     <span class='ocr_line' id='line_1_2' title="bbox 293 1225 1468 1340; baseline 0.01 -36"><span class='ocrx_word' id='word_1_7' title='bbox 293 1225 486 1333; x_wconf 77' lang='lat' dir='ltr'>sliclrsisch),</span> <span class='ocrx_word' id='word_1_8' title='bbox 514 1230 724 1311; x_wconf 88' lang='lat' dir='ltr'>Frisonum</span> <span class='ocrx_word' id='word_1_9' title='bbox 749 1227 994 1338; x_wconf 77' lang='lat' dir='ltr'>(altfriesisch)</span> <span class='ocrx_word' id='word_1_10' title='bbox 1017 1230 1064 1340; x_wconf 87' lang='lat'>[²]</span> <span class='ocrx_word' id='word_1_11' title='bbox 1091 1252 1128 1314; x_wconf 93' lang='lat' dir='ltr'>et</span> <span class='ocrx_word' id='word_1_12' title='bbox 1151 1234 1323 1316; x_wconf 89' lang='lat' dir='ltr'>diutiscae</span> <span class='ocrx_word' id='word_1_13' title='bbox 1342 1234 1468 1339; x_wconf 87' lang='lat' dir='ltr'>gentis</span> 
     </span>
     <span class='ocr_line' id='line_1_3' title="bbox 295 1363 1468 1478; baseline 0.008 -32"><span class='ocrx_word' id='word_1_14' title='bbox 295 1363 630 1477; x_wconf 81' lang='lat' dir='ltr'>(alllrochdeutsch),</span> <span class='ocrx_word' id='word_1_15' title='bbox 662 1400 747 1478; x_wconf 88' lang='lat' dir='ltr'>quae</span> <span class='ocrx_word' id='word_1_16' title='bbox 781 1373 1029 1458; x_wconf 89' lang='lat' dir='ltr'>occidentalis</span> <span class='ocrx_word' id='word_1_17' title='bbox 1063 1376 1283 1457; x_wconf 85' lang='lat' dir='ltr'>Germaniae</span> <span class='ocrx_word' id='word_1_18' title='bbox 1317 1375 1468 1457; x_wconf 85' lang='lat' dir='ltr'>dialecti</span> 
     </span>
     <span class='ocr_line' id='line_1_4' title="bbox 295 1507 1466 1625; baseline 0.009 -38"><span class='ocrx_word' id='word_1_19' title='bbox 295 1507 641 1619; x_wconf 77' lang='lat' dir='ltr'>(arulgermaaisch)</span> <span class='ocrx_word' id='word_1_20' title='bbox 677 1515 931 1597; x_wconf 86' lang='lat' dir='ltr'>nominantur</span> <span class='ocrx_word' id='word_1_21' title='bbox 962 1518 1265 1625; x_wconf 84' lang='lat' dir='ltr'>arctioribusque</span> <span class='ocrx_word' id='word_1_22' title='bbox 1300 1516 1466 1598; x_wconf 89' lang='lat' dir='ltr'>vinculis</span> 
     </span>
     <span class='ocr_line' id='line_1_5' title="bbox 295 1651 760 1738; baseline 0.017 -8"><span class='ocrx_word' id='word_1_23' title='bbox 295 1651 392 1733; x_wconf 92' lang='lat' dir='ltr'>inter</span> <span class='ocrx_word' id='word_1_24' title='bbox 412 1680 451 1733; x_wconf 91' lang='lat' dir='ltr'>se</span> <span class='ocrx_word' id='word_1_25' title='bbox 466 1676 760 1738; x_wconf 91' lang='lat' dir='ltr'>connectuntur.</span> 
     </span>
    </p>

    <p class='ocr_par' dir='ltr' id='par_1_2' title="bbox 291 1796 1472 3160">
     <span class='ocr_line' id='line_1_6' title="bbox 348 1796 1466 1908; baseline 0.007 -32"><span class='ocrx_word' id='word_1_26' title='bbox 348 1796 404 1876; x_wconf 84' lang='lat' dir='ltr'>Ex</span> <span class='ocrx_word' id='word_1_27' title='bbox 430 1796 490 1880; x_wconf 89' lang='lat' dir='ltr'>his</span> <span class='ocrx_word' id='word_1_28' title='bbox 520 1798 691 1881; x_wconf 82' lang='lat' dir='ltr'>dialectis</span> <span class='ocrx_word' id='word_1_29' title='bbox 716 1830 792 1882; x_wconf 93' lang='lat' dir='ltr'>una</span> <span class='ocrx_word' id='word_1_30' title='bbox 815 1822 980 1898; x_wconf 90' lang='lat' dir='ltr'>tantum,</span> <span class='ocrx_word' id='word_1_31' title='bbox 1012 1828 1152 1908; x_wconf 88' lang='lat' dir='ltr'>nempe</span> <span class='ocrx_word' id='word_1_32' title='bbox 1177 1804 1316 1908; x_wconf 80' lang='lat' dir='ltr'>gotica,</span> <span class='ocrx_word' id='word_1_33' title='bbox 1351 1801 1466 1884; x_wconf 91' lang='lat' dir='ltr'>verba</span> 
     </span>
     <span class='ocr_line' id='line_1_7' title="bbox 295 1939 1467 2051; baseline 0.009 -35"><span class='ocrx_word' id='word_1_34' title='bbox 295 1939 457 2020; x_wconf 89' lang='lat' dir='ltr'>servavit</span> <span class='ocrx_word' id='word_1_35' title='bbox 481 1967 567 2046; x_wconf 90' lang='lat' dir='ltr'>quae</span> <span class='ocrx_word' id='word_1_36' title='bbox 600 1943 835 2048; x_wconf 88' lang='lat' dir='ltr'>praeteritum</span> <span class='ocrx_word' id='word_1_37' title='bbox 868 1972 933 2051; x_wconf 92' lang='lat' dir='ltr'>per</span> <span class='ocrx_word' id='word_1_38' title='bbox 959 1944 1202 2026; x_wconf 84' lang='lat' dir='ltr'>iterationem</span> <span class='ocrx_word' id='word_1_39' title='bbox 1226 1944 1360 2049; x_wconf 87' lang='lat' dir='ltr'>primae</span> <span class='ocrx_word' id='word_1_40' title='bbox 1385 1944 1467 2049; x_wconf 87' lang='lat' dir='ltr'>syl·</span> 
     </span>
     <span class='ocr_line' id='line_1_8' title="bbox 294 2077 1467 2193; baseline 0.009 -35"><span class='ocrx_word' id='word_1_41' title='bbox 294 2077 388 2160; x_wconf 85' lang='lat' dir='ltr'>labae</span> <span class='ocrx_word' id='word_1_42' title='bbox 412 2081 618 2166; x_wconf 82' lang='lat' dir='ltr'>manifesto</span> <span class='ocrx_word' id='word_1_43' title='bbox 643 2081 898 2167; x_wconf 85' lang='lat' dir='ltr'>informatum</span> <span class='ocrx_word' id='word_1_44' title='bbox 929 2086 1111 2193; x_wconf 88' lang='lat' dir='ltr'>praebent.</span> <span class='ocrx_word' id='word_1_45' title='bbox 1135 2088 1240 2170; x_wconf 90' lang='lat' dir='ltr'>Nam</span> <span class='ocrx_word' id='word_1_46' title='bbox 1266 2088 1307 2167; x_wconf 96' lang='lat' dir='ltr'>in</span> <span class='ocrx_word' id='word_1_47' title='bbox 1332 2087 1467 2168; x_wconf 89' lang='lat' dir='ltr'>ceteris</span> 
     </span>
     <span class='ocr_line' id='line_1_9' title="bbox 295 2221 1472 2335; baseline 0.002 -34"><span class='ocrx_word' id='word_1_48' title='bbox 295 2221 514 2305; x_wconf 87' lang='lat' dir='ltr'>Germaniae</span> <span class='ocrx_word' id='word_1_49' title='bbox 533 2225 703 2308; x_wconf 86' lang='lat' dir='ltr'>dialectis</span> <span class='ocrx_word' id='word_1_50' title='bbox 719 2225 952 2335; x_wconf 88' lang='lat' dir='ltr'>reduplicata</span> <span class='ocrx_word' id='word_1_51' title='bbox 967 2226 1111 2333; x_wconf 83' lang='lat' dir='ltr'>syllaba</span> <span class='ocrx_word' id='word_1_52' title='bbox 1128 2229 1306 2334; x_wconf 85' lang='lat' dir='ltr'>praeteriti</span> <span class='ocrx_word' id='word_1_53' title='bbox 1321 2230 1362 2308; x_wconf 94' lang='lat' dir='ltr'>in</span> <span class='ocrx_word' id='word_1_54' title='bbox 1379 2256 1472 2309; x_wconf 86' lang='lat' dir='ltr'>con-¹</span> 
     </span>
     <span class='ocr_line' id='line_1_10' title="bbox 295 2366 1466 2477; baseline 0.005 -33"><span class='ocrx_word' id='word_1_55' title='bbox 295 2366 498 2469; x_wconf 89' lang='lat' dir='ltr'>generibus</span> <span class='ocrx_word' id='word_1_56' title='bbox 520 2367 643 2450; x_wconf 91' lang='lat' dir='ltr'>verbis</span> <span class='ocrx_word' id='word_1_57' title='bbox 664 2398 744 2450; x_wconf 94' lang='lat' dir='ltr'>non</span> <span class='ocrx_word' id='word_1_58' title='bbox 764 2372 841 2476; x_wconf 89' lang='lat' dir='ltr'>jam</span> <span class='ocrx_word' id='word_1_59' title='bbox 861 2370 1027 2451; x_wconf 89' lang='lat' dir='ltr'>discerni</span> <span class='ocrx_word' id='word_1_60' title='bbox 1048 2390 1195 2477; x_wconf 92' lang='lat' dir='ltr'>potest;</span> <span class='ocrx_word' id='word_1_61' title='bbox 1217 2397 1263 2450; x_wconf 85' lang='lat' dir='ltr'>ex</span> <span class='ocrx_word' id='word_1_62' title='bbox 1284 2397 1363 2476; x_wconf 93' lang='lat' dir='ltr'>quo</span> <span class='ocrx_word' id='word_1_63' title='bbox 1385 2367 1466 2451; x_wconf 89' lang='lat' dir='ltr'>fac·</span> 
     </span>
     <span class='ocr_line' id='line_1_11' title="bbox 294 2508 1468 2618; baseline 0.008 -34"><span class='ocrx_word' id='word_1_64' title='bbox 294 2524 378 2587; x_wconf 92' lang='lat' dir='ltr'>tum</span> <span class='ocrx_word' id='word_1_65' title='bbox 413 2529 469 2589; x_wconf 92' lang='lat' dir='ltr'>est</span> <span class='ocrx_word' id='word_1_66' title='bbox 498 2529 540 2591; x_wconf 92' lang='lat' dir='ltr'>ut</span> <span class='ocrx_word' id='word_1_67' title='bbox 569 2510 650 2591; x_wconf 91' lang='lat' dir='ltr'>haec</span> <span class='ocrx_word' id='word_1_68' title='bbox 677 2510 886 2593; x_wconf 93' lang='lat' dir='ltr'>verborum</span> <span class='ocrx_word' id='word_1_69' title='bbox 917 2508 1050 2592; x_wconf 90' lang='lat' dir='ltr'>classis</span> <span class='ocrx_word' id='word_1_70' title='bbox 1078 2510 1124 2591; x_wconf 90' lang='lat' dir='ltr'>ab</span> <span class='ocrx_word' id='word_1_71' title='bbox 1154 2511 1201 2592; x_wconf 93' lang='lat' dir='ltr'>iis</span> <span class='ocrx_word' id='word_1_72' title='bbox 1231 2509 1357 2592; x_wconf 89' lang='lat' dir='ltr'>verbis</span> <span class='ocrx_word' id='word_1_73' title='bbox 1381 2539 1468 2618; x_wconf 88' lang='lat' dir='ltr'>quae</span> 
     </span>
     <span class='ocr_line' id='line_1_12' title="bbox 294 2647 1466 2760; baseline 0.006 -33"><span class='ocrx_word' id='word_1_74' title='bbox 294 2647 610 2734; x_wconf 86' lang='lat' dir='ltr'>dicunturvalida</span> <span class='ocrx_word' id='word_1_75' title='bbox 630 2651 766 2759; x_wconf 73' lang='lat' dir='ltr'>(stara)</span> <span class='ocrx_word' id='word_1_76' title='bbox 790 2676 825 2735; x_wconf 91' lang='lat' dir='ltr'>et</span> <span class='ocrx_word' id='word_1_77' title='bbox 846 2681 932 2760; x_wconf 91' lang='lat' dir='ltr'>quae</span> <span class='ocrx_word' id='word_1_78' title='bbox 952 2681 1018 2758; x_wconf 94' lang='lat' dir='ltr'>per</span> <span class='ocrx_word' id='word_1_79' title='bbox 1036 2652 1299 2759; x_wconf 91' lang='lat' dir='ltr'>apophoniam</span> <span class='ocrx_word' id='word_1_80' title='bbox 1320 2654 1466 2735; x_wconf 89' lang='lat' dir='ltr'>vocalis</span> 
     </span>
     <span class='ocr_line' id='line_1_13' title="bbox 294 2790 1467 2902; baseline 0.006 -33"><span class='ocrx_word' id='word_1_81' title='bbox 294 2790 429 2872; x_wconf 85' lang='lat' dir='ltr'>radicis</span> <span class='ocrx_word' id='word_1_82' title='bbox 459 2791 669 2876; x_wconf 81' lang='lat' dir='ltr'>informant</span> <span class='ocrx_word' id='word_1_83' title='bbox 696 2796 867 2902; x_wconf 88' lang='lat' dir='ltr'>stirpem,</span> <span class='ocrx_word' id='word_1_84' title='bbox 896 2796 1060 2875; x_wconf 87' lang='lat' dir='ltr'>minime</span> <span class='ocrx_word' id='word_1_85' title='bbox 1090 2793 1238 2875; x_wconf 88' lang='lat' dir='ltr'>differat</span> <span class='ocrx_word' id='word_1_86' title='bbox 1249 2794 1317 2900; x_wconf 78' lang='lat'>(³).</span> <span class='ocrx_word' id='word_1_87' title='bbox 1339 2796 1467 2898; x_wconf 80' lang='lat' dir='ltr'>Hujus</span> 
     </span>
     <span class='ocr_line' id='line_1_14' title="bbox 291 2934 1466 3042; baseline 0.004 -29"><span class='ocrx_word' id='word_1_88' title='bbox 291 2934 419 3016; x_wconf 88' lang='lat' dir='ltr'>classis</span> <span class='ocrx_word' id='word_1_89' title='bbox 443 2963 527 3042; x_wconf 87' lang='lat' dir='ltr'>quae</span> <span class='ocrx_word' id='word_1_90' title='bbox 547 2935 687 3018; x_wconf 87' lang='lat' dir='ltr'>fuerint</span> <span class='ocrx_word' id='word_1_91' title='bbox 707 2935 781 3018; x_wconf 87' lang='lat' dir='ltr'>lata</span> <span class='ocrx_word' id='word_1_92' title='bbox 804 2939 843 3017; x_wconf 95' lang='lat' dir='ltr'>in</span> <span class='ocrx_word' id='word_1_93' title='bbox 864 2937 1083 3042; x_wconf 87' lang='lat' dir='ltr'>germanica</span> <span class='ocrx_word' id='word_1_94' title='bbox 1103 2937 1235 3042; x_wconf 87' lang='lat' dir='ltr'>lingua</span> <span class='ocrx_word' id='word_1_95' title='bbox 1255 2935 1466 3019; x_wconf 89' lang='lat' dir='ltr'>describere</span> 
     </span>
     <span class='ocr_line' id='line_1_15' title="bbox 293 3076 700 3160; baseline 0.015 -6"><span class='ocrx_word' id='word_1_96' title='bbox 293 3076 403 3159; x_wconf 91' lang='lat' dir='ltr'>nobis</span> <span class='ocrx_word' id='word_1_97' title='bbox 422 3078 462 3158; x_wconf 92' lang='lat' dir='ltr'>in</span> <span class='ocrx_word' id='word_1_98' title='bbox 477 3081 610 3159; x_wconf 90' lang='lat' dir='ltr'>animo</span> <span class='ocrx_word' id='word_1_99' title='bbox 632 3099 700 3160; x_wconf 92' lang='lat' dir='ltr'>est.</span> 
     </span>
    </p>

    <p class='ocr_par' dir='ltr' id='par_1_3' title="bbox 290 3219 1466 3729">
     <span class='ocr_line' id='line_1_16' title="bbox 346 3219 1465 3327; baseline 0.003 -29"><span class='ocrx_word' id='word_1_100' title='bbox 346 3219 421 3299; x_wconf 86' lang='lat' dir='ltr'>Sed</span> <span class='ocrx_word' id='word_1_101' title='bbox 440 3219 544 3325; x_wconf 88' lang='lat' dir='ltr'>prius</span> <span class='ocrx_word' id='word_1_102' title='bbox 571 3248 688 3326; x_wconf 88' lang='lat' dir='ltr'>quam</span> <span class='ocrx_word' id='word_1_103' title='bbox 710 3223 911 3302; x_wconf 88' lang='lat' dir='ltr'>materiam</span> <span class='ocrx_word' id='word_1_104' title='bbox 932 3223 1055 3327; x_wconf 88' lang='lat' dir='ltr'>ipsam</span> <span class='ocrx_word' id='word_1_105' title='bbox 1080 3221 1364 3326; x_wconf 85' lang='lat' dir='ltr'>aggrediemur,</span> <span class='ocrx_word' id='word_1_106' title='bbox 1385 3250 1465 3303; x_wconf 92' lang='lat' dir='ltr'>non</span> 
     </span>
     <span class='ocr_line' id='line_1_17' title="bbox 291 3357 1466 3468; baseline 0.005 -30"><span class='ocrx_word' id='word_1_107' title='bbox 291 3357 427 3440; x_wconf 92' lang='lat' dir='ltr'>inutile</span> <span class='ocrx_word' id='word_1_108' title='bbox 447 3359 620 3443; x_wconf 84' lang='lat' dir='ltr'>futurum</span> <span class='ocrx_word' id='word_1_109' title='bbox 638 3389 720 3444; x_wconf 91' lang='lat' dir='ltr'>esse</span> <span class='ocrx_word' id='word_1_110' title='bbox 736 3363 930 3444; x_wconf 89' lang='lat' dir='ltr'>credimus</span> <span class='ocrx_word' id='word_1_111' title='bbox 947 3364 979 3443; x_wconf 91' lang='lat' dir='ltr'>si</span> <span class='ocrx_word' id='word_1_112' title='bbox 996 3362 1160 3444; x_wconf 90' lang='lat' dir='ltr'>breviter</span> <span class='ocrx_word' id='word_1_113' title='bbox 1174 3364 1466 3468; x_wconf 83' lang='lat' dir='ltr'>exposuerimus</span> 
     </span>
     <span class='ocr_line' id='line_1_18' title="bbox 290 3502 1465 3612; baseline 0.003 -31"><span class='ocrx_word' id='word_1_114' title='bbox 290 3529 363 3606; x_wconf 89' lang='lat' dir='ltr'>qua</span> <span class='ocrx_word' id='word_1_115' title='bbox 380 3504 440 3582; x_wconf 89' lang='lat' dir='ltr'>via</span> <span class='ocrx_word' id='word_1_116' title='bbox 458 3502 588 3601; x_wconf 89' lang='lat' dir='ltr'>finem,</span> <span class='ocrx_word' id='word_1_117' title='bbox 606 3505 651 3585; x_wconf 89' lang='lat' dir='ltr'>ad</span> <span class='ocrx_word' id='word_1_118' title='bbox 668 3533 785 3611; x_wconf 91' lang='lat' dir='ltr'>quem</span> <span class='ocrx_word' id='word_1_119' title='bbox 803 3505 877 3586; x_wconf 93' lang='lat' dir='ltr'>hoc</span> <span class='ocrx_word' id='word_1_120' title='bbox 891 3504 1126 3612; x_wconf 90' lang='lat' dir='ltr'>opusculum</span> <span class='ocrx_word' id='word_1_121' title='bbox 1141 3504 1277 3601; x_wconf 88' lang='lat' dir='ltr'>tendit,</span> <span class='ocrx_word' id='word_1_122' title='bbox 1297 3533 1368 3587; x_wconf 93' lang='lat' dir='ltr'>nos</span> <span class='ocrx_word' id='word_1_123' title='bbox 1385 3532 1465 3612; x_wconf 94' lang='lat' dir='ltr'>per·</span> 
     </span>
     <span class='ocr_line' id='line_1_19' title="bbox 292 3646 609 3729; baseline 0.013 -6"><span class='ocrx_word' id='word_1_124' title='bbox 292 3647 457 3726; x_wconf 91' lang='lat' dir='ltr'>secuturi</span> <span class='ocrx_word' id='word_1_125' title='bbox 474 3646 609 3729; x_wconf 87' lang='lat' dir='ltr'>simus.</span> 
     </span>
    </p>

    <p class='ocr_par' dir='ltr' id='par_1_4' title="bbox 342 3785 1459 3894">
     <span class='ocr_line' id='line_1_20' title="bbox 342 3785 1459 3894; baseline 0.002 -28"><span class='ocrx_word' id='word_1_126' title='bbox 342 3787 368 3866; x_wconf 91' lang='lat' dir='ltr'>l.</span> <span class='ocrx_word' id='word_1_127' title='bbox 391 3788 432 3867; x_wconf 95' lang='lat' dir='ltr'>ln</span> <span class='ocrx_word' id='word_1_128' title='bbox 454 3786 559 3868; x_wconf 91' lang='lat' dir='ltr'>nulla</span> <span class='ocrx_word' id='word_1_129' title='bbox 580 3787 869 3870; x_wconf 88' lang='lat' dir='ltr'>Germanorum</span> <span class='ocrx_word' id='word_1_130' title='bbox 895 3785 1071 3885; x_wconf 87' lang='lat' dir='ltr'>dialecto,</span> <span class='ocrx_word' id='word_1_131' title='bbox 1092 3815 1141 3868; x_wconf 91' lang='lat' dir='ltr'>ne</span> <span class='ocrx_word' id='word_1_132' title='bbox 1162 3789 1202 3868; x_wconf 95' lang='lat' dir='ltr'>in</span> <span class='ocrx_word' id='word_1_133' title='bbox 1223 3788 1350 3893; x_wconf 87' lang='lat' dir='ltr'>gotica</span> <span class='ocrx_word' id='word_1_134' title='bbox 1377 3789 1459 3894; x_wconf 93' lang='lat' dir='ltr'>qui·</span> 
     </span>
    </p>
   </div>
   <div class='ocr_carea' id='block_1_2' title="bbox 286 4167 1519 5034">
    <p class='ocr_par' dir='ltr' id='par_1_5' title="bbox 289 4167 1466 4324">
     <span class='ocr_line' id='line_1_21' title="bbox 328 4167 1466 4240; baseline 0.002 -18"><span class='ocrx_word' id='word_1_135' title='bbox 328 4185 350 4225; x_wconf 91' lang='lat'>1.</span> <span class='ocrx_word' id='word_1_136' title='bbox 367 4169 544 4224; x_wconf 84' lang='lat' dir='ltr'>Grammatici</span> <span class='ocrx_word' id='word_1_137' title='bbox 560 4181 687 4238; x_wconf 80' lang='lat' dir='ltr'>quattuor</span> <span class='ocrx_word' id='word_1_138' title='bbox 702 4168 833 4224; x_wconf 84' lang='lat' dir='ltr'>dialectos</span> <span class='ocrx_word' id='word_1_139' title='bbox 847 4168 1073 4239; x_wconf 86' lang='lat' dir='ltr'>anglosaxonicas</span> <span class='ocrx_word' id='word_1_140' title='bbox 1088 4167 1176 4223; x_wconf 86' lang='lat' dir='ltr'>solent</span> <span class='ocrx_word' id='word_1_141' title='bbox 1192 4168 1372 4240; x_wconf 82' lang='lat' dir='ltr'>distinguere:</span> <span class='ocrx_word' id='word_1_142' title='bbox 1392 4177 1466 4224; x_wconf 78' lang='lat' dir='ltr'>wast-</span> 
     </span>
     <span class='ocr_line' id='line_1_22' title="bbox 289 4258 929 4324; baseline 0.002 -13"><span class='ocrx_word' id='word_1_143' title='bbox 289 4258 419 4322; x_wconf 80' lang='lat' dir='ltr'>sa&#39;clrsisclr,</span> <span class='ocrx_word' id='word_1_144' title='bbox 434 4259 551 4324; x_wconf 69' lang='lat' dir='ltr'>lentisci,</span> <span class='ocrx_word' id='word_1_145' title='bbox 568 4259 697 4323; x_wconf 80' lang='lat' dir='ltr'>mercisclr,</span> <span class='ocrx_word' id='word_1_146' title='bbox 714 4258 929 4312; x_wconf 81' lang='lat' dir='ltr'>nortlrumbra&#39;sclr.</span> 
     </span>
    </p>

    <p class='ocr_par' dir='ltr' id='par_1_6' title="bbox 289 4343 1465 4489">
     <span class='ocr_line' id='line_1_23' title="bbox 328 4343 1465 4418; baseline -0.001 -19"><span class='ocrx_word' id='word_1_147' title='bbox 328 4362 351 4401; x_wconf 90' lang='lat'>2.</span> <span class='ocrx_word' id='word_1_148' title='bbox 371 4346 508 4400; x_wconf 91' lang='lat' dir='ltr'>Dialectus</span> <span class='ocrx_word' id='word_1_149' title='bbox 522 4363 582 4418; x_wconf 86' lang='lat' dir='ltr'>quae</span> <span class='ocrx_word' id='word_1_150' title='bbox 596 4346 694 4400; x_wconf 84' lang='lat' dir='ltr'>dicitur</span> <span class='ocrx_word' id='word_1_151' title='bbox 707 4345 860 4416; x_wconf 78' lang='lat' dir='ltr'>ostjriasr&#39;sch</span> <span class='ocrx_word' id='word_1_152' title='bbox 874 4347 999 4418; x_wconf 89' lang='lat' dir='ltr'>antiquas</span> <span class='ocrx_word' id='word_1_153' title='bbox 1014 4345 1112 4399; x_wconf 81' lang='lat' dir='ltr'>frisicae</span> <span class='ocrx_word' id='word_1_154' title='bbox 1127 4344 1227 4416; x_wconf 81' lang='lat' dir='ltr'>linguae</span> <span class='ocrx_word' id='word_1_155' title='bbox 1241 4343 1344 4399; x_wconf 79' lang='lat' dir='ltr'>fonnaa</span> <span class='ocrx_word' id='word_1_156' title='bbox 1358 4361 1465 4399; x_wconf 84' lang='lat' dir='ltr'>accura-</span> 
     </span>
     <span class='ocr_line' id='line_1_24' title="bbox 289 4436 477 4489; baseline 0.005 -1"><span class='ocrx_word' id='word_1_157' title='bbox 289 4436 341 4489; x_wconf 89' lang='lat' dir='ltr'>tius</span> <span class='ocrx_word' id='word_1_158' title='bbox 355 4436 477 4489; x_wconf 84' lang='lat' dir='ltr'>servavit.</span> 
     </span>
    </p>

    <p class='ocr_par' dir='ltr' id='par_1_7' title="bbox 286 4520 1519 5034">
     <span class='ocr_line' id='line_1_25' title="bbox 325 4520 1465 4595; baseline -0.003 -17"><span class='ocrx_word' id='word_1_159' title='bbox 325 4541 347 4594; x_wconf 88' lang='lat'>3.</span> <span class='ocrx_word' id='word_1_160' title='bbox 364 4525 596 4595; x_wconf 85' lang='lat' dir='ltr'>Conjugationem</span> <span class='ocrx_word' id='word_1_161' title='bbox 616 4522 731 4576; x_wconf 81' lang='lat' dir='ltr'>ualidam</span> <span class='ocrx_word' id='word_1_162' title='bbox 752 4533 903 4594; x_wconf 86' lang='lat' dir='ltr'>sequuntur</span> <span class='ocrx_word' id='word_1_163' title='bbox 922 4535 948 4575; x_wconf 92' lang='lat' dir='ltr'>et</span> <span class='ocrx_word' id='word_1_164' title='bbox 967 4522 1049 4575; x_wconf 87' lang='lat' dir='ltr'>verba</span> <span class='ocrx_word' id='word_1_165' title='bbox 1069 4538 1130 4593; x_wconf 84' lang='lat' dir='ltr'>quae</span> <span class='ocrx_word' id='word_1_166' title='bbox 1151 4538 1199 4591; x_wconf 94' lang='lat' dir='ltr'>per</span> <span class='ocrx_word' id='word_1_167' title='bbox 1217 4520 1415 4591; x_wconf 87' lang='lat' dir='ltr'>apophoniam,</span> <span class='ocrx_word' id='word_1_168' title='bbox 1438 4534 1465 4575; x_wconf 91' lang='lat' dir='ltr'>et</span> 
     </span>
     <span class='ocr_line' id='line_1_26' title="bbox 286 4609 1464 4684; baseline -0.003 -17"><span class='ocrx_word' id='word_1_169' title='bbox 286 4630 345 4684; x_wconf 85' lang='lat' dir='ltr'>quae</span> <span class='ocrx_word' id='word_1_170' title='bbox 359 4630 405 4683; x_wconf 91' lang='lat' dir='ltr'>per</span> <span class='ocrx_word' id='word_1_171' title='bbox 421 4613 661 4684; x_wconf 86' lang='lat' dir='ltr'>reduplicationem</span> <span class='ocrx_word' id='word_1_172' title='bbox 677 4611 845 4682; x_wconf 84' lang='lat' dir='ltr'>praeteritum</span> <span class='ocrx_word' id='word_1_173' title='bbox 860 4609 1017 4664; x_wconf 84' lang='lat' dir='ltr'>informant.</span> <span class='ocrx_word' id='word_1_174' title='bbox 1035 4611 1112 4664; x_wconf 88' lang='lat' dir='ltr'>Hanc</span> <span class='ocrx_word' id='word_1_175' title='bbox 1126 4625 1219 4664; x_wconf 88' lang='lat' dir='ltr'>tamen</span> <span class='ocrx_word' id='word_1_176' title='bbox 1237 4613 1348 4665; x_wconf 88' lang='lat' dir='ltr'>veniam</span> <span class='ocrx_word' id='word_1_177' title='bbox 1368 4625 1464 4683; x_wconf 82' lang='lat' dir='ltr'>expeto</span> 
     </span>
     <span class='ocr_line' id='line_1_27' title="bbox 286 4698 1465 4774; baseline -0.002 -20"><span class='ocrx_word' id='word_1_178' title='bbox 286 4713 314 4754; x_wconf 91' lang='lat' dir='ltr'>ut</span> <span class='ocrx_word' id='word_1_179' title='bbox 329 4703 357 4755; x_wconf 92' lang='lat' dir='ltr'>in</span> <span class='ocrx_word' id='word_1_180' title='bbox 372 4702 451 4774; x_wconf 84' lang='lat' dir='ltr'>hujus</span> <span class='ocrx_word' id='word_1_181' title='bbox 465 4702 586 4772; x_wconf 88' lang='lat' dir='ltr'>opusculi</span> <span class='ocrx_word' id='word_1_182' title='bbox 601 4701 715 4756; x_wconf 88' lang='lat' dir='ltr'>decursu</span> <span class='ocrx_word' id='word_1_183' title='bbox 730 4699 852 4770; x_wconf 83' lang='lat' dir='ltr'>singulas</span> <span class='ocrx_word' id='word_1_184' title='bbox 866 4698 965 4753; x_wconf 84' lang='lat' dir='ltr'>classes</span> <span class='ocrx_word' id='word_1_185' title='bbox 979 4699 1003 4763; x_wconf 83' lang='grc' dir='ltr'>Ι,</span> <span class='ocrx_word' id='word_1_186' title='bbox 1019 4699 1053 4760; x_wconf 87' lang='grc' dir='ltr'>ΙΙ,</span> <span class='ocrx_word' id='word_1_187' title='bbox 1070 4699 1118 4764; x_wconf 89' lang='lat'>111,</span> <span class='ocrx_word' id='word_1_188' title='bbox 1134 4699 1182 4763; x_wconf 92' lang='lat' dir='ltr'>1v,</span> <span class='ocrx_word' id='word_1_189' title='bbox 1205 4699 1239 4764; x_wconf 92' lang='lat' dir='ltr'>V,</span> <span class='ocrx_word' id='word_1_190' title='bbox 1260 4699 1298 4753; x_wconf 92' lang='lat' dir='ltr'>VI</span> <span class='ocrx_word' id='word_1_191' title='bbox 1317 4701 1465 4754; x_wconf 86' lang='lat' dir='ltr'>verborum</span> 
     </span>
     <span class='ocr_line' id='line_1_28' title="bbox 286 4787 1464 4864; baseline -0.002 -20"><span class='ocrx_word' id='word_1_192' title='bbox 286 4807 344 4862; x_wconf 85' lang='lat' dir='ltr'>quae</span> <span class='ocrx_word' id='word_1_193' title='bbox 359 4809 405 4862; x_wconf 89' lang='lat' dir='ltr'>per</span> <span class='ocrx_word' id='word_1_194' title='bbox 419 4792 605 4864; x_wconf 86' lang='lat' dir='ltr'>apophoniam</span> <span class='ocrx_word' id='word_1_195' title='bbox 620 4790 723 4844; x_wconf 87' lang='lat' dir='ltr'>vocalis</span> <span class='ocrx_word' id='word_1_196' title='bbox 737 4790 834 4842; x_wconf 86' lang='lat' dir='ltr'>radicis</span> <span class='ocrx_word' id='word_1_197' title='bbox 849 4791 1017 4859; x_wconf 74' lang='lat' dir='ltr'>praeteritum</span> <span class='ocrx_word' id='word_1_198' title='bbox 1032 4787 1181 4841; x_wconf 82' lang='lat' dir='ltr'>informant</span> <span class='ocrx_word' id='word_1_199' title='bbox 1195 4789 1464 4858; x_wconf 74' lang='lat' dir='ltr'>(obloutendeaurba),</span> 
     </span>
     <span class='ocr_line' id='line_1_29' title="bbox 286 4877 1519 4946; baseline -0.002 -14"><span class='ocrx_word' id='word_1_200' title='bbox 286 4881 430 4946; x_wconf 84' lang='lat' dir='ltr'>interdum,</span> <span class='ocrx_word' id='word_1_201' title='bbox 447 4881 584 4936; x_wconf 80' lang='lat' dir='ltr'>brevitatis</span> <span class='ocrx_word' id='word_1_202' title='bbox 599 4896 678 4934; x_wconf 83' lang='lat' dir='ltr'>causa</span> <span class='ocrx_word' id='word_1_203' title='bbox 692 4877 852 4932; x_wconf 82' lang='lat' dir='ltr'>vocabulis:</span> <span class='ocrx_word' id='word_1_204' title='bbox 870 4896 884 4926; x_wconf 78' lang='lat' dir='ltr'>rr</span> <span class='ocrx_word' id='word_1_205' title='bbox 900 4877 992 4934; x_wconf 83' lang='lat' dir='ltr'>classis</span> <span class='ocrx_word' id='word_1_206' title='bbox 1007 4877 1029 4942; x_wconf 92' lang='grc' dir='ltr'>Ι,</span> <span class='ocrx_word' id='word_1_207' title='bbox 1050 4877 1084 4943; x_wconf 79' lang='grc' dir='ltr'>ΙΙ,</span> <span class='ocrx_word' id='word_1_208' title='bbox 1106 4877 1144 4931; x_wconf 89' lang='grc' dir='ltr'>ΙΙΙ</span> <span class='ocrx_word' id='word_1_209' title='bbox 1159 4889 1211 4933; x_wconf 90' lang='lat' dir='ltr'>cet.</span> <span class='ocrx_word' id='word_1_210' title='bbox 1229 4878 1375 4932; x_wconf 87' lang='lat' dir='ltr'>verborum</span> <span class='ocrx_word' id='word_1_211' title='bbox 1400 4879 1467 4931; x_wconf 88' lang='lat' dir='ltr'>vali·</span> <span class='ocrx_word' id='word_1_212' title='bbox 1515 4931 1519 4940; x_wconf 79' lang='grc'>,</span> 
     </span>
     <span class='ocr_line' id='line_1_30' title="bbox 287 4969 639 5034; baseline 0.011 -14"><span class='ocrx_word' id='word_1_213' title='bbox 287 4969 382 5023; x_wconf 92' lang='lat' dir='ltr'>dorum</span> <span class='ocrx_word' id='word_1_214' title='bbox 399 4993 424 5034; x_wconf 79' lang='lat' dir='ltr'>u,</span> <span class='ocrx_word' id='word_1_215' title='bbox 445 4985 537 5024; x_wconf 85' lang='lat' dir='ltr'>notare</span> <span class='ocrx_word' id='word_1_216' title='bbox 552 4969 639 5024; x_wconf 89' lang='lat' dir='ltr'>liceat.</span> 
     </span>
    </p>
   </div>
   <div class='ocr_carea' id='block_1_3' title="bbox 0 0 1888 5742">
    <p class='ocr_par' dir='ltr' id='par_1_8' title="bbox 0 0 1888 5742">
     <span class='ocr_line' id='line_1_31' title="bbox 0 0 1888 5742; baseline 0 2"><span class='ocrx_word' id='word_1_217' title='bbox 0 0 1888 5742; x_wconf 95' lang='lat' dir='ltr'> </span> 
     </span>
    </p>
   </div>
  </div>
 </body>
</html>
