3768 5742
906 963 951 973 ..
1002 943 1037 1010 15
1086 962 1130 975 ..-

472 1061 510 1128 P.
529 1060 662 1154 (hyces,
679 1065 773 1154 meos,
789 1062 890 1152 *blena
903 1062 965 1155 (pl.
978 1064 1153 1154 pleruqaun
1169 1083 1239 1156 opt.
1258 1065 1452 1154 repletum&
1466 1089 1498 1132 v.
1512 1065 1606 1150 infra,

426 1200 458 1266 v·
476 1179 519 1246 80
533 1177 637 1270 sqq-l·

472 1315 504 1362 2.
530 1292 637 1362 Verba
659 1317 753 1383 pura,
774 1318 917 1385 quorum
942 1295 1031 1365 radix
1050 1297 1085 1364 in
1105 1297 1255 1365 vocalem
1274 1296 1405 1381 desinit,
1424 1299 1606 1368 secundum

426 1411 696 1499 conjpgationem
721 1410 862 1479 debilem
886 1412 1000 1480 omnia
1021 1411 1198 1482 flectuntur
1220 1433 1252 1480 et
1281 1415 1447 1503 praesentis
1471 1416 1606 1504 stirpem

356 1504 362 1519 ⁸
424 1525 535 1594 addito
550 1526 714 1595 elemento
724 1529 741 1617 j
763 1526 956 1596 informant.
981 1528 1006 1595 E
1027 1528 1216 1616 germanico
1238 1528 1339 1597 verbo
1360 1529 1481 1619 *rnajan
1500 1553 1550 1620 pr.
1575 1553 1604 1598 r.

424 1640 539 1730 *maim
555 1662 575 1709 2
590 1641 699 1731 *mojis
713 1660 776 1709 cet.
794 1660 970 1732 postquam
994 1640 1195 1712 elementum
1215 1644 1229 1725 γ’
1250 1665 1285 1710 ut
1300 1645 1335 1710 in
1349 1643 1479 1712 suochen
1492 1645 1606 1713 suochu

423 1759 543 1827 suochis
554 1779 617 1828 cet.
634 1761 712 1850 (pro
727 1760 862 1850 *reikjam
875 1760 976 1849 *sokja
987 1762 1071 1851 cet.)
1081 1783 1156 1850 post
1166 1761 1322 1851 syllabam
1332 1762 1467 1850 longam
1477 1763 1605 1846 cecidit,

425 1894 505 1942 ortae
519 1895 596 1943 sunt
617 1875 754 1943 formae:
778 1876 855 1945 ahd.
881 1891 968 1946 moen
984 1877 1113 1967 (muoen
1134 1900 1249 1945 rnuaen
1270 1878 1418 1970 muohen)
1436 1905 1452 1942 c
1470 1881 1604 1969 agitare,

422 1989 568 2079 fatigare,
584 1990 726 2079 affligere
750 2019 767 2055 n
784 2011 835 2081 pr.
865 2015 894 2059 1.
916 1993 1018 2077 *mom
1039 2014 1058 2060 2
1073 1991 1167 2060 *mais
1181 2013 1244 2060 cet.
1261 1993 1389 2060 Deinde
1408 1995 1494 2062 inter
1511 2017 1605 2062 voca-

424 2104 489 2173 lem
505 2119 524 2172 ῡ
538 2124 570 2174 et
592 2109 840 2175 terminationes
862 2109 910 2175 -r's
928 2113 981 2190 -it,
1004 2109 1206 2177 semivocalis
1215 2111 1254 2196 j;
1272 2111 1358 2177 inter
1372 2122 1390 2175 ῡ
1405 2128 1437 2177 et
1452 2111 1606 2178 termina·

422 2223 550 2289 tionem
569 2246 590 2289 u
610 2223 814 2292 semivocalis
832 2247 864 2289 w
883 2225 1075 2313 interposita
1095 2245 1166 2307 est;
1190 2248 1263 2308 quae
1284 2224 1507 2310 semivocales,
1528 2249 1602 2293 ana·

422 2337 518 2424 logiae
536 2338 621 2426 lege,
645 2341 679 2408 in
701 2363 819 2408 omnes
845 2338 964 2408 modos
990 2363 1210 2430 personasque
1235 2340 1369 2408 demum
1393 2343 1602 2432 irrepserunt.

423 2453 472 2521 Ita
486 2478 504 2522 e
520 2455 622 2523 verbo
637 2456 760 2545 *majora
774 2456 889 2546 triplex
904 2454 1013 2523 forma
1026 2457 1059 2523 in
1075 2455 1185 2542 lingua
1199 2457 1335 2524 diutisca
1351 2475 1423 2525 orta
1439 2475 1501 2540 est,
1516 2456 1605 2525 vide·

422 2568 518 2638 licet:
535 2585 622 2639 moen
633 2571 812 2663 (muohen),
823 2575 924 2662 mojen
932 2571 1074 2664 (tnuojen
1085 2573 1236 2661 muogen)
1245 2591 1276 2639 et
1287 2585 1405 2639 marvan
1414 2572 1603 2665 (muowen).

422 2685 619 2754 Notandum
639 2706 688 2755 est
709 2686 851 2777 denique
866 2685 1111 2775 diphthongum
1127 2711 1166 2754 uo
1186 2706 1263 2754 ante
1277 2706 1517 2756 consonantem
1532 2710 1605 2756 raro

426 2800 477 2890 (in
493 2817 625 2869 atmutae
641 2830 657 2868 c<
675 2802 815 2892 fatigatis
831 2827 864 2885 a,
885 2818 985 2870 mutos
1003 2824 1063 2892 pro
1084 2803 1250 2870 *armuotae
1270 2802 1433 2892 *muetos),
1451 2821 1528 2870 aute
1542 2826 1605 2872 vo·

424 2915 527 2984 calem
547 2918 723 3006 saepissime
742 2918 850 3010 (velut
870 2920 905 2986 in
926 2921 1007 2987 mitit
1030 2917 1107 2985 blut
1125 2940 1185 3006 pro
1204 2921 1302 2986 muoit
1321 2917 1434 3006 bluor't)
1450 2918 1484 2986 in
1504 2941 1604 2986 voca-

420 3028 486 3097 lem
501 3047 522 3099 ιῖ
537 3033 703 3102 coaluisse.
720 3033 908 3124 Aliquando
925 3034 1025 3101 etiam
1040 3035 1147 3101 evenit
1162 3052 1198 3100 ut
1214 3033 1333 3101 vocalis
1348 3032 1601 3115 terminationis,

420 3146 628 3238 diphthongo
648 3172 687 3216 uo
708 3149 865 3237 subjecta,
884 3149 990 3234 cadat,
1011 3147 1099 3215 velut
1119 3150 1153 3216 in
1176 3149 1310 3217 diuo-nti
1321 3161 1425 3237 spuo-t
1440 3170 1500 3238 pro
1517 3148 1604 3217 bluo-

420 3265 485 3332 enti
496 3277 625 3354 spuo-ct.
641 3304 688 3316 -·
701 3289 734 3331 v.
758 3265 899 3348 Braune,
917 3265 1006 3335 Aba.
1031 3263 1223 3356 Gramm.,§
1247 3285 1323 3355 359,
1344 3288 1434 3332 anm.
1451 3287 1486 3353 4.
1502 3266 1601 3334 Beitr.

420 3380 514 3462 VIII,
532 3402 610 3469 215,
626 3381 759 3474 sqq—cf.
778 3381 879 3450 Beitr.
898 3382 961 3466 XI,
979 3384 1034 3468 61,
1055 3406 1127 3473 sqq.

466 3497 512 3564 Ut
527 3521 638 3565 muoen
651 3497 829 3566 flectuntur
842 3498 1025 3565 secundum
1034 3497 1174 3566 debilem
1184 3499 1452 3587 conjugationem
1466 3521 1474 3565 ε
1493 3497 1602 3565 bluoen

421 3638 438 3675 v
448 3614 565 3682 florete
575 3639 606 3695 v,
617 3613 734 3682 druocn
742 3614 790 3706 (¹)
806 3615 923 3704 apati»
932 3613 1047 3701 gluocn
1057 3641 1073 3678 v
1084 3611 1221 3681 candere
1232 3639 1263 3698 v,
1275 3613 1447 3705 gratoen(²)
1460 3615 1600 3696 «virere,

419 3727 575 3797 virescere
585 3755 615 3813 u,
625 3728 738 3797 bluoen
749 3757 766 3795 v
778 3730 918 3817 mugire,
930 3728 1045 3798 rudere
1058 3755 1090 3810 a,
1102 3728 1257 3818 nuocn(²)
1269 3756 1285 3792 v
1297 3727 1475 3813 tundere»,
1487 3741 1601 3818 spuocn

421 3869 437 3906 c
455 3845 635 3931 contigere,
651 3827 748 3928 effici,
766 3843 937 3913 succedere
954 3872 988 3927 v,
1008 3843 1177 3935 *ruoen(?)
1190 3844 1330 3934 (irruam
1348 3843 1548 3933 «rugiebam
1567 3869 1600 3929 s,

418 3958 548 4028 Notker
563 3959 620 4033 ἅπ.
640 3968 706 4049 λεγ.
724 3960 766 4052 cf.
785 3959 885 4028 Beitr.
902 3961 965 4044 XI,
984 3962 1079 4050 277).

465 4095 496 4162 3.
520 4074 626 4143 Verba
651 4097 795 4166 quorum
819 4075 916 4164 stirps
938 4077 974 4143 in
998 4089 1047 4144 ow
1072 4075 1224 4164 primitus
1246 4073 1384 4157 desinit,
1409 4073 1531 4163 syllaba
1552 4089 1600 4142 ow

366 4223 370 4232 ·
416 4211 493 4258 aute
507 4190 653 4258 vocalem
672 4212 799 4260 mutata
811 4193 847 4259 in
863 4206 885 4259 a
898 4192 1109 4281 promissam,
1121 4192 1162 4258 ad
1177 4188 1316 4258 debilem
1332 4193 1600 4280 conjugationem
1614 4223 1621 4236 ·

418 4307 626 4374 transierunt.
643 4307 694 4372 Ex
713 4306 840 4374 *bowan
862 4307 965 4394 igitur
987 4306 1070 4373 balaa
1095 4331 1112 4370 v
1127 4303 1285 4387 habitare,
1306 4306 1436 4390 versari,
1457 4304 1599 4373 colere»
1629 4310 1633 4318 '

416 4419 488 4509 (aut
501 4422 693 4511 interposita
712 4420 900 4489 semivocali
919 4444 951 4487 w
970 4423 1056 4489 inter
1077 4435 1098 4488 ιῖ
1120 4439 1152 4488 et
1175 4419 1321 4488 vocalem
1346 4421 1600 4503 terminationis,

417 4535 543 4620 hawart,
560 4536 669 4606 briwcn
686 4535 779 4606 mhd.
797 4537 919 4620 balmen,
930 4560 963 4625 p.
982 4536 1072 4626 buta)
1089 4557 1201 4605 ortum
1217 4555 1278 4604 est.
1297 4536 1343 4604 Ut
1360 4535 1444 4604 brian
1458 4535 1601 4604 flectuu-

454 4770 477 4810 1.
492 4755 600 4810 Druoen
614 4773 647 4811 ex
660 4758 746 4811 verbo
761 4772 817 4810 non
832 4756 959 4827 primitus
973 4754 1075 4820 valido,
1086 4754 1134 4808 sed
1149 4755 1240 4826 potius
1255 4754 1338 4810 debili
1353 4753 1529 4824 'thr5(ww)?n
1539 4772 1597 4826 ags.

415 4841 543 4914 throwjan
557 4863 582 4918 p.
599 4845 726 4900 lirrowode
741 4857 832 4900 ortum
847 4858 897 4902 est.

450 4946 477 4988 2.
489 4933 592 4988 Gruoen
603 4947 629 4989 et
644 4953 727 4990 nuoen
741 4953 757 4991 a
772 4937 856 5006 stirpe
873 4943 957 5008 poto,
969 4943 1040 4990 now·
1053 4934 1174 4989 derivata
1188 4945 1214 4988 et
1225 4932 1338 4987 diutisce
1347 4933 1376 4987 in
1387 4933 1594 4989 similitudinem

414 5021 558 5076 verborum
573 5041 663 5078 inuam
678 5038 729 5080 cet.
748 5037 825 5096 rapta
838 5023 921 5080 luisse
936 5024 1071 5080 videntur.
1089 5026 1123 5080 V.
1140 5021 1220 5089 insra,
1237 5041 1263 5095 p.
1284 5039 1326 5092 51,
1346 5037 1388 5093 57,
1405 5040 1449 5094 71.
