3768 5742
787 964 1007 1030 „92-

308 1079 416 1144 vimus
428 1103 459 1160 a,
468 1079 712 1171 *hwl-tvtipumc
723 1109 740 1147 a
751 1084 880 1172 gloriati
892 1108 1005 1153 sumus
1017 1111 1049 1170 a,
1060 1084 1305 1175 *swd-waigume
1314 1086 1364 1177 (?)
1375 1112 1393 1151 a
1406 1105 1487 1155 stre·

309 1194 440 1280 puimus
456 1221 488 1277 a,
503 1197 741 1266 *hwa-wtisuma
756 1227 773 1263 a
791 1203 977 1269 tussivimus
995 1227 1026 1284 u,
1039 1221 1164 1270 mutata
1177 1215 1209 1270 w
1224 1204 1258 1270 in
1275 1226 1297 1269 u
1311 1201 1396 1270 facta
1410 1220 1487 1271 sunt

308 1310 481 1399 *weupum,
508 1313 702 1402 *hweupum,
726 1315 916 1406 *sweugum,
940 1316 1127 1396 *hweusum,
1149 1317 1225 1386 abd.
1253 1319 1395 1406 wenstan,
1416 1339 1486 1404 ags.

309 1431 448 1514 wedpon,
466 1427 625 1516 hwedpon,
640 1434 783 1520 swedgoa
791 1454 805 1510 ;
819 1431 908 1517 inde,
927 1432 1083 1520 analogiae
1103 1432 1185 1522 lege,
1201 1431 1277 1500 abd.
1299 1434 1396 1522 weos,
1416 1455 1486 1521 ags.

310 1545 407 1628 ωιόρ,
426 1540 544 1630 bwedp,
560 1549 675 1633 swedg,
693 1545 803 1628 hocas,
821 1548 900 1614 item
921 1547 996 1616 abd.
1017 1547 1240 1639 ple(r)uz(an‚
1262 1547 1486 1637 caple(r)u(zi‚

309 1679 377 1745 ags.
395 1657 473 1725 bledt
488 1685 504 1722 «
518 1661 702 1729 immolavit
715 1687 752 1745 »3
769 1661 843 1730 abd.
856 1664 946 1752 breop
962 1690 978 1727 a
992 1664 1142 1732 clamavit
1155 1689 1187 1747 a,
1200 1687 1268 1753 ags.
1285 1665 1402 1752 bredp;
1417 1684 1485 1750 ags.

308 1777 435 1862 genedp,
453 1775 579 1843 onredd,
597 1777 771 1845 Postremo
786 1779 1109 1848 animadvertendum
1125 1799 1174 1848 est
1187 1781 1221 1848 in
1237 1779 1489 1869 anglosaxonica

309 1887 420 1976 lingua
435 1890 533 1958 verba
552 1915 633 1980 pura
652 1912 775 1983 quartae
797 1893 915 1977 classis,
931 1894 1113 1984 analogiam
1134 1895 1311 1964 verborum
1327 1917 1489 1985 purorum
1529 1977 1535 1984 ⁵

309 2006 432 2094 quintae
461 2025 493 2073 et
512 2004 687 2074 verborum
715 2011 818 2077 tertiae
844 2031 1031 2101 quartaeque
1054 2011 1160 2079 classis
1184 2030 1307 2094 secuta,
1336 2010 1488 2078 eamdem

309 2121 555 2212 diphthongum
570 2147 608 2190 eu
623 2125 656 2191 in
673 2127 772 2215 stirpe
790 2129 944 2214 praeteriti
965 2127 1147 2197 exhibuisse
1165 2127 1225 2219 (cf.
1249 2127 1357 2210 bledae,
1379 2125 1487 2216 fledw,

309 2242 427 2323 gredau,
451 2237 560 2320 hledw,
585 2244 680 2323 redw,
702 2246 813 2331 spedw,
836 2242 965 2332 gledw),
993 2242 1073 2310 dum
1096 2243 1132 2311 in
1154 2244 1267 2310 ceteris
1292 2241 1490 2330 germanicis

311 2352 455 2421 dialectis
469 2373 526 2421 aut
540 2353 580 2422 ad
595 2353 735 2423 debilem
752 2359 1018 2446 conjugationem
1029 2359 1226 2426 transierunt
1239 2377 1297 2424 aut
1311 2356 1490 2446 reduplica-

310 2488 379 2535 tam
392 2468 550 2557 syllabam
563 2472 727 2560 integram
742 2493 950 2541 servaverunt
966 2471 1024 2563 (cf.
1042 2497 1111 2542 wn.
1131 2496 1239 2562 grem,
1256 2472 1358 2563 rem).

354 2584 387 2674 c)
399 2586 500 2654 Nunc
515 2588 667 2654 venimus
681 2585 721 2654 ad
735 2587 830 2654 verba
844 2609 921 2676 pura
936 2589 1060 2677 quintae
1075 2586 1183 2655 classis
1197 2610 1270 2677 quae
1289 2589 1373 2654 sicut
1393 2584 1491 2654 verba

309 2723 389 2788 pura
411 2720 534 2790 quartae
549 2702 657 2769 classis
674 2703 709 2768 in
731 2701 884 2769 omnibus
905 2699 970 2768 fere
988 2703 1182 2791 germanicis
1204 2702 1347 2770 dialectis
1372 2718 1430 2768 aut
1451 2699 1491 2766 ad

310 2818 578 2904 conjugationem
593 2815 732 2884 debilem
748 2818 945 2885 transierunt
962 2837 1018 2883 aut
1032 2815 1268 2905 reduplicatum
1287 2817 1491 2905 praeteritum

310 2952 548 3021 usurpaverunt
558 2931 646 3021 (got.
658 2934 739 3000 saiso
750 2958 767 2995 a
778 2935 845 3000 sevi
858 2959 889 3014 a,
899 2955 952 2999 an.
964 2954 1045 3017 sera,
1057 2932 1155 3023 sara),
1169 2933 1203 2999 in
1213 2931 1489 3019 Anglosaxonum

310 3066 421 3114 autem
452 3047 686 3137 Saxonumque
713 3046 841 3135 lingua,
870 3046 1076 3137 diphthongo
1105 3071 1143 3114 eu
1171 3045 1211 3115 ad
1246 3045 1491 3114 informandam

311 3163 464 3251 praeteriti
483 3165 617 3252 stirpem
640 3185 697 3230 usa
716 3182 805 3230 sunt.
831 3163 966 3245 Quintae
981 3161 1090 3231 classis
1110 3161 1208 3229 verba
1229 3182 1286 3230 aut
1306 3161 1456 3229 vocalem
1475 3175 1492 3228 ῑ

311 3281 463 3367 primitus
484 3281 518 3346 in
542 3279 643 3370 stirpe
665 3281 818 3370 praeteriti
837 3278 1021 3367 praebuisse,
1049 3295 1106 3346 aut
1126 3277 1272 3346 vocalem
1295 3291 1313 3346 ῦ
1333 3277 1492 3364 analogiae

311 3395 382 3483 lege
403 3395 438 3462 in
461 3407 479 3462 ῑ
502 3397 678 3462 mutavisse
701 3415 796 3483 supra
824 3392 1056 3462 demonstravi.
1092 3392 1241 3482 Exempli
1269 3415 1364 3461 causa
1389 3390 1500 3460 affero.

313 3511 513 3599 praeteritum
529 3532 635 3597 germ.
647 3508 791 3599 *ει-κύρ)
804 3508 893 3600 (got.
903 3509 996 3594 saiso,
1009 3531 1062 3576 an.
1079 3509 1167 3600 sera)
1181 3507 1272 3597 quod
1285 3509 1320 3575 in
1333 3505 1488 3598 *ει-πέρ),

309 3624 465 3715 *sl-sem),
486 3643 656 3713 postremo
678 3643 812 3691 accentu
836 3647 853 3690 e
874 3622 1070 3711 reduplicata
1089 3622 1209 3712 syllaba
1227 3624 1262 3690 in
1286 3623 1421 3711 stirpem
1439 3645 1490 3688 ca-

310 3736 420 3820 dente,
441 3739 476 3805 in
495 3737 597 3820 *se-sd,
614 3737 701 3817 '‘s-se,
717 3742 759 3821 st,
776 3756 940 3805 mutatum
957 3756 1016 3806 est.
1035 3739 1066 3804 Α
1080 3738 1244 3827 praeterito
1259 3735 1415 3825 singulari
1429 3736 1488 3816 *se'‚

310 3851 490 3921 declinatus
511 3870 559 3918 est
581 3851 713 3940 pluralis
728 3873 883 3919 numerus
896 3852 1009 3932 *teum
1027 3851 1132 3942 *acub
1149 3851 1241 3919 *setta
1259 3870 1329 3932 aut,
1344 3851 1492 3939 interpo-

309 3969 371 4036 sita
385 3988 533 4036 consona
543 3990 575 4033 w
589 3968 674 4034 inter
683 3966 831 4034 vocalem
844 3979 861 4035 ἱ
875 3965 986 4034 radicis
996 3984 1028 4033 et
1044 3991 1065 4034 u
1077 3967 1331 4047 terminationis,
1342 3966 1487 4045 *sewum

311 4081 447 4172 *se‘wub,
472 4083 596 4149 *sewun
605 4104 620 4160 ;
637 4081 714 4149 inde
729 4083 884 4171 analogiae
905 4081 974 4170 lege
997 4082 1096 4149 etiam
1114 4083 1149 4149 in
1170 4081 1326 4170 singulari
1349 4101 1490 4147 numero

311 4200 388 4265 *saw
400 4197 487 4287 (ags.
507 4209 581 4278 scau,
602 4195 643 4265 cf.
667 4197 782 4288 cnew),
803 4219 857 4265 aut
874 4217 997 4266 mutata
1011 4220 1042 4264 w
1063 4199 1097 4265 in
1116 4221 1138 4264 u
1156 4194 1263 4287 (quod
1284 4197 1319 4263 in
1341 4214 1490 4262 extremo

310 4311 469 4380 vocabulo
485 4310 554 4379 fieri
569 4311 672 4403 solet)
684 4313 753 4379 *seu
768 4332 880 4381 ortum
895 4313 953 4402 (cf.
970 4334 1015 4379 as.
1033 4311 1189 4395 abar-seu,
1208 4310 1352 4379 Cottun.
1370 4307 1488 4399 2546).

311 4429 350 4496 ln
374 4428 646 4516 Anglosaxonum
677 4426 788 4514 lingua
817 4428 944 4496 videtur
973 4427 1164 4518 plerumque
1193 4427 1372 4516 praeteritafi
1402 4426 1488 4512 sing.

309 4547 390 4628 *sera
408 4546 483 4626 *sem
500 4543 545 4632 pl.
562 4543 696 4624 *sewum
714 4545 818 4612 vocali
831 4569 848 4611 ο
863 4547 897 4612 in
912 4523 1025 4635 plurali
1039 4567 1177 4613 numero
1194 4563 1226 4612 et
1251 4565 1397 4611 consona
1411 4566 1442 4608 w
1455 4542 1489 4607 in

309 4661 464 4751 singulari
483 4659 641 4749 analogiae
662 4658 733 4748 lege
754 4658 883 4742 additis,
907 4679 977 4727 orta
998 4682 1066 4727 esse
1088 4661 1297 4748 conjugati03
1327 4659 1419 4747 cujus
1441 4674 1490 4724 est

309 4777 495 4867 paradigma
512 4803 520 4847 ε
537 4781 629 4860 sedw,
646 4776 690 4867 pl.
711 4780 846 4858 sedanam,
863 4779 981 4844 sedwon
991 4798 1007 4856 ,·
1030 4798 1129 4866 quam
1148 4776 1262 4843 omnia
1276 4772 1373 4842 verba
1392 4773 1489 4861 hujus

310 4893 553 4963 informationis
568 4912 744 4961 consecuta
759 4909 835 4960 sunt
850 4890 904 4982 [cf.
927 4891 1033 4974 bledw,
1056 4895 1170 4973 cnedw,
1190 4895 1301 4973 credw,
1320 4887 1488 4980 attedw(?),

310 5015 426 5096 Sredw,
442 5015 551 5092 wedw,
566 5007 744 5102 cledw(.).]
