3768 5742
776 1403 1051 1474 CONCLUSIO

367 1994 452 2077 Quae
472 1995 570 2063 verba
589 1995 626 2062 in
648 1998 833 2084 germanica
857 1996 966 2085 lingua
988 1999 1187 2086 praetetitum
1212 2021 1269 2088 pet
1289 1999 1497 2067 iterationem
1562 1978 1565 1984 ¹

320 2113 434 2198 primae
456 2110 586 2199 syllabae
604 2111 820 2181 informatum
840 2114 1037 2182 servaverint
1058 2132 1092 2181 et
1111 2114 1280 2205 quomodo
1302 2114 1498 2204 reduplicata

321 2224 441 2313 syllaba
464 2244 520 2293 aut
542 2227 716 2294 immutata
742 2226 839 2295 luerit
863 2246 918 2296 aut
940 2247 1145 2317 postremum
1169 2230 1347 2309 evanuerit,
1373 2229 1408 2296 in
1434 2229 1498 2296 hoc

322 2342 479 2430 opusculo
494 2364 658 2431 exponere
672 2350 784 2411 conati
799 2366 926 2411 sumus.
940 2344 1049 2412 Liceat
1060 2367 1149 2412 nunc
1160 2368 1324 2412 summam
1336 2345 1498 2412 universae

321 2455 548 2545 disputationis
573 2457 714 2526 breviter
738 2459 997 2548 complectamur
1020 2478 1052 2527 et
1077 2483 1148 2550 quae
1169 2459 1289 2528 fuerint
1313 2459 1379 2526 iata
1403 2459 1498 2527 redu·

320 2571 427 2660 plicati
450 2575 604 2663 praeteriti
623 2576 657 2642 in
679 2575 817 2644 decursu
842 2575 985 2643 historiae
1008 2579 1266 2664 germanicarum
1285 2575 1498 2644 dialectorum

320 2687 564 2777 perlustremus.

370 2827 398 2871 1.
415 2806 503 2872 Ante
519 2805 596 2874 illud
612 2825 742 2894 tempus
756 2829 824 2896 quo
839 2827 932 2875 vetus
944 2807 1188 2875 Germanorum
1199 2807 1309 2896 lingua
1319 2832 1336 2875 a
1346 2828 1500 2875 sermone

321 2923 490 2988 communi
516 2920 831 3011 Indoeuropaeorum
854 2925 999 3012 sejuncta
1022 2944 1083 3006 est,
1105 2924 1303 3011 praeteritum
1322 2921 1498 2990 verborum

321 3034 506 3103 validorum
521 3037 591 3103 sine
610 3034 710 3103 dubio
732 3059 791 3125 per
808 3038 1028 3128 apophoniam
1050 3037 1285 3106 informabatur
1310 3037 1388 3104 dum
1410 3036 1499 3103 verbi

321 3149 432 3230 radici,
449 3151 483 3216 in
499 3151 655 3239 singulari
671 3174 811 3220 numero
827 3171 941 3235 acutae,
953 3152 1070 3240 gradus
1081 3154 1214 3240 gravior
1227 3151 1361 3232 vocalis,
1377 3153 1411 3219 in
1427 3150 1499 3240 plu·

322 3265 379 3333 rali
395 3287 533 3333 numero
550 3286 703 3334 accentus
718 3268 854 3356 experti,
869 3267 986 3354 gradus
1004 3267 1105 3336 levior
1120 3268 1331 3336 tribuebatur.
1345 3266 1499 3353 Redupli-

321 3402 391 3450 cata
410 3380 528 3470 syllaba
551 3405 624 3471 quae
644 3382 838 3473 plerumque
861 3403 984 3450 servata
1007 3403 1087 3465 erat,
1110 3405 1350 3472 nonnunquam
1372 3401 1498 3465 tamen,

322 3516 357 3564 ut
381 3518 476 3584 supra
498 3499 686 3584 conjectum
707 3515 755 3564 est
775 3501 823 3587 (v.
850 3522 882 3587 p.
910 3501 950 3566 82
975 3499 1008 3564 in
1024 3497 1165 3588 notula),
1183 3517 1370 3581 evanuerat,
1393 3497 1438 3563 ita
1461 3517 1500 3563 ut

322 3611 440 3702 duplex
454 3615 608 3701 praeteriri
622 3613 729 3682 forma
747 3634 858 3682 exorta
869 3616 923 3695 sit,
932 3637 1048 3704 nempe
1057 3615 1187 3683 *se-adde
1204 3641 1220 3678 a
1233 3615 1314 3682 sedit
1328 3640 1343 3678 u
1356 3631 1389 3682 et
1398 3614 1496 3680 *adda

366 3749 399 3795 2.
417 3729 498 3797 Mox
511 3747 623 3796 autem
639 3728 871 3818 reduplicatum
887 3729 1043 3816 syllabam
1064 3729 1153 3820 (quae
1174 3752 1250 3796 cum
1271 3730 1306 3796 in
1326 3727 1497 3815 singulari,

321 3862 394 3910 tum
407 3844 440 3910 in
456 3843 569 3933 plurali
585 3866 726 3912 numero
748 3862 899 3912 accentus
922 3867 1032 3934 expers
1051 3843 1135 3935 erat)
1156 3843 1313 3912 Germani
1336 3845 1371 3910 in
1393 3842 1500 3910 verbis

321 3959 486 4049 inquibus
502 3961 669 4051 praesentis
685 3961 782 4050 stirps
797 3983 816 4027 a
831 3962 984 4049 praeteriti
1000 3961 1098 4050 stirpe
1118 3959 1227 4029 colore
1247 3959 1367 4028 vocalis
1385 3958 1500 4025 distin-

321 4074 480 4165 guebatur
492 4076 651 4166 (exceptis
667 4077 868 4165 paucissimis
877 4076 990 4144 formis
1001 4079 1034 4145 in
1046 4077 1163 4168 quibus
1176 4077 1371 4166 reduplicata
1379 4072 1500 4162 syllaba

322 4211 445 4260 servata
460 4215 528 4260 esse
542 4190 687 4282 videtur)
703 4192 842 4260 omnino
857 4191 1078 4261 aboleverunt.
1094 4194 1223 4282 Nempe
1237 4215 1276 4258 ex
1290 4190 1415 4259 duabus
1433 4187 1500 4256 for·

322 4310 384 4376 mis
398 4307 551 4397 praeteriti
566 4306 716 4375 indoeur.
741 4307 872 4376 *se-sodo
892 4327 924 4376 et
944 4307 1039 4391 *scida
1066 4307 1118 4376 illa
1144 4307 1299 4398 paulatim
1325 4303 1500 4388 obsolevit,

322 4425 391 4492 haec
413 4443 527 4493 contra
547 4424 666 4511 viguit,
686 4424 733 4490 ita
748 4441 785 4491 ut
799 4443 970 4512 postremo
987 4425 1144 4492 Germani
1160 4424 1233 4492 solo
1246 4423 1411 4514 praeterito
1422 4422 1501 4488 *sate

317 4539 381 4631 (pl.
397 4539 544 4630 *satume)
554 4542 606 4608 usi
622 4541 700 4608 sint.

364 4657 478 4747 Itaque
492 4658 597 4743 major
609 4679 682 4746 pars
698 4655 889 4740 verborum,
906 4679 975 4723 non
996 4658 1060 4746 jam
1084 4679 1141 4746 per
1157 4656 1365 4724 iterationem
1385 4653 1502 4742 prioris

320 4771 461 4860 syllabae,
493 4772 549 4841 sed
574 4795 631 4862 per
654 4772 877 4862 apophoniam
900 4773 1001 4841 modo
1022 4774 1141 4841 vocalis
1163 4771 1277 4840 radicis
1300 4771 1502 4860 praeteritum

321 4887 522 4958 informavit.
540 4890 660 4958 Cetera
672 4913 752 4958 vero
767 4890 865 4958 verba
880 4913 952 4980 quae
967 4889 1116 4958 eamdem
1137 4888 1283 4957 vocalem
1299 4888 1334 4955 in
1348 4887 1503 4978 praeteriti

317 5004 489 5094 singularis
504 5029 603 5097 quam
619 5008 653 5075 in
668 5007 836 5096 praesentis
850 5008 949 5098 stirpe
964 5006 1170 5088 exhibebant,
1185 5003 1418 5094 reduplicatam
1436 5000 1500 5091 syl·
