3768 5742
918 966 1141 1012 -11-

476 1090 567 1180 j)1n
583 1092 760 1160 frisonum
775 1092 887 1180 lingua
900 1113 1012 1180 paucae
1025 1109 1155 1159 tantum
1170 1110 1342 1180 supersunt
1357 1089 1472 1158 sormae
1494 1089 1615 1158 verbo-

438 1228 512 1273 rum
526 1206 568 1275 ad
582 1205 666 1275 hanc
681 1208 816 1276 classem
831 1208 1065 1296 pertinentium
1079 1231 1086 1274 :
1102 1207 1187 1274 *heta
1203 1232 1220 1272 ιι
1233 1229 1361 1291 vocare,
1373 1208 1481 1274 vocari
1495 1232 1527 1287 ν,
1541 1225 1612 1296 ορι.

438 1320 521 1406 hita,
553 1348 585 1413 p.
617 1321 694 1406 αέα,
725 1321 770 1411 pl.
802 1323 902 1403 haten,
932 1321 978 1390 hit
1005 1320 1049 1410 pl.
1076 1319 1160 1390 hiron
1183 1321 1416 1412 (Rustringen)
1440 1342 1472 1390 et
1496 1324 1615 1410 *swepa

441 1463 457 1500 ι
474 1459 603 1506 verrere
620 1464 637 1502 ν
653 1437 737 1529 (dat.
753 1450 895 1526 suepene,
923 1434 1133 1521 Richthofen‚
1154 1460 1187 1524 p.
1214 1438 1335 1527 1058);
1357 1437 1494 1506 verbum
1511 1436 1615 1504 ske’tha

443 1575 460 1612 ι
485 1574 644 1642 separare,
667 1573 850 1642 segregare,
865 1575 898 1641 p.
926 1574 958 1641 p.
986 1549 1068 1619 slah
1084 1550 1240 1640 analogiae
1258 1549 1435 1621 verborum
1459 1551 1616 1620 debilium

439 1664 690 1756 obtemperavit.

1008 2023 1056 2091 III

484 2264 531 2332 Ut
546 2265 581 2333 in
595 2266 781 2355 germanica
797 2264 1006 2354 diphthongo
1020 2266 1062 2350 ai,
1078 2266 1101 2349 i,
1117 2267 1161 2333 ita
1177 2289 1198 2350 p
1213 2267 1247 2332 in
1263 2263 1470 2354 diphthongo
1485 2287 1529 2350 ap
1545 2287 1616 2332 non

437 2379 558 2448 vocalis
573 2381 629 2448 sed
646 2382 758 2470 potius
773 2382 987 2449 consonantis
1003 2381 1073 2449 vim
1093 2379 1198 2449 habet.
1221 2380 1335 2470 Itaque
1355 2379 1452 2448 verba
1473 2402 1617 2470 quorum

438 2499 605 2585 praesentis
621 2498 717 2585 stirps
731 2519 775 2583 au
798 2516 955 2588 sequente
976 2519 1119 2564 consona
1143 2496 1282 2579 exhibet,
1301 2519 1375 2564 curn
1390 2497 1428 2563 iis
1442 2495 1547 2563 verbis
1561 2518 1616 2562 co·

437 2612 594 2702 aequanda
608 2633 686 2680 sunt
701 2611 872 2702 dequibus
888 2634 983 2700 supra
998 2611 1217 2680 tractavimus.

480 2729 518 2816 a)
534 2726 573 2793 In
587 2727 697 2813 gotica
712 2725 824 2814 lingua
839 2745 966 2794 exstant
982 2724 1117 2793 formae:
1137 2748 1184 2813 pr.
1201 2724 1306 2792 archan
1327 2751 1343 2790 ι
1360 2729 1555 2814 προστιθέναι
1573 2750 1613 2808 ν;

435 2853 562 2908 stautan
578 2868 594 2906 ι
611 2844 755 2924 τύπτειν,
767 2845 906 2933 ῥαπίζειν
918 2866 949 2922 ν,
966 2840 1119 2930 *lalaupan
1130 2842 1226 2930 (part.
1245 2863 1291 2928 pr.
1308 2840 1537 2929 ushlaupands
1551 2839 1613 2908 Lb.

437 2954 476 3023 ad
493 2957 561 3025 Mc.
584 2978 637 3041 10,
657 2977 696 3045 50
720 2957 1012 3049 «ἀναπηδήσας»,
1034 2955 1090 3028 ἅπ.
1114 2957 1213 3044 lap),
1236 2979 1270 3044 p.
1292 2954 1453 3023 anaaiauk
1475 2954 1534 3023 Slr.
1556 2959 1614 3044 48,

442 3092 494 3139 12.
511 3071 551 3140 L.
570 3093 626 3157 ιο,
646 3093 700 3156 ιι,
722 3092 775 3138 12.
794 3071 833 3138 L.
855 3095 886 3161 3,
903 3092 955 3140 20.

482 3186 517 3278 b)
532 3187 571 3253 In
587 3185 725 3256 diutisca
737 3187 848 3274 lingua
863 3187 1088 3277 diphthongus
1103 3209 1144 3253 au
1161 3205 1217 3254 aut
1234 3186 1385 3274 subjectis
1408 3187 1562 3253 consonis
1580 3188 1613 3270 d,

437 3311 461 3382 t,
477 3324 507 3388 r,
526 3302 557 3387 h,
574 3326 603 3384 r,
620 3303 633 3370 l
651 3304 685 3370 in
704 3302 852 3370 vocalem
872 3315 890 3369 o
909 3303 1103 3390 promissam
1122 3300 1270 3370 coalescit
1286 3302 1422 3391 (scrutari
1441 3327 1458 3365 ιι
1473 3300 1615 3381 demere,

437 3417 574 3504 eripere,
594 3418 733 3485 tondere
745 3445 779 3500 ν,
802 3433 909 3506 staron
935 3445 951 3482 ι
970 3436 1147 3508 percutere,
1166 3417 1302 3486 tundere
1318 3418 1355 3509 ν)
1374 3437 1444 3504 aut,
1459 3437 1616 3508 sequente

437 3553 584 3599 consona
597 3531 648 3599 vel
662 3531 760 3600 labris
773 3534 823 3600 vel
837 3553 972 3621 gutture
985 3533 1239 3622 pronuntianda,
1249 3535 1374 3623 integra
1391 3552 1515 3602 servata
1530 3556 1548 3600 a
1563 3557 1616 3601 ve-

439 3645 631 3713 tustioribus
651 3644 875 3735 scriptoribus,
897 3645 1027 3730 deinde,
1048 3671 1139 3715 nono
1159 3650 1276 3716 saeculo
1296 3671 1353 3738 per
1370 3648 1615 3738 diphthongum

436 3784 476 3827 ou
499 3760 586 3829 edita
609 3781 657 3830 est
677 3761 830 3853 (hlaufan
854 3760 966 3849 loufan
990 3787 1006 3826 ι
1030 3784 1158 3830 currere
1172 3789 1211 3847 ν,
1233 3763 1367 3831 bauwan
1394 3764 1613 3848 «concidere,

436 3877 595 3962 occidere,
613 3876 723 3946 dolare
739 3875 787 3967 ν).

481 3994 640 4061 Praeteriti
655 3993 752 4081 stirps
767 3991 1011 4081 diphthongum
1026 3996 1246 4080 germanicam
1261 4019 1298 4062 eu
1317 3996 1461 4076 exhibet,
1487 4020 1561 4085 quae
1579 3999 1614 4064 in

437 4108 574 4177 diutisca
597 4107 709 4196 lingua
731 4105 1002 4198 perfructionem
1025 4110 1215 4200 (brechung)
1236 4112 1377 4201 primum
1397 4112 1431 4179 iu
1455 4134 1500 4190 eo,
1522 4135 1615 4180 nono

436 4225 556 4293 saeculo
570 4227 604 4291 iu
621 4228 650 4293 io
666 4244 724 4292 aut
745 4223 830 4313 apud
850 4222 1022 4292 Otfridum
1037 4227 1073 4293 in
1093 4229 1138 4311 ia,
1155 4247 1336 4317 postremo,
1352 4227 1478 4295 decimo
1494 4225 1616 4296 scilicet

437 4341 555 4410 saeculo
581 4343 615 4408 in
642 4343 670 4408 ic
692 4363 783 4408 versa
809 4360 961 4430 apparet:
989 4341 1057 4431 leof
1074 4342 1137 4434 lios
1158 4342 1225 4432 lias
1246 4344 1315 4433 lief,
1344 4343 1395 4412 hio
1423 4344 1466 4433 pl.
1499 4344 1616 4412 hieuun

436 4454 631 4546 (Tatianus)
640 4482 650 4540 ;
666 4468 775 4538 screot,
791 4456 907 4538 screod,
923 4469 1014 4544 steoz.

482 4572 521 4639 In
553 4571 740 4639 Germania*
767 4573 942 4660 superioris
966 4571 1117 4656 dialect0,
1144 4574 1364 4664 diphthongus
1391 4597 1441 4654 ea,
1473 4574 1616 4660 subjecta

436 4710 583 4756 consona
602 4686 697 4755 labris
717 4685 922 4776 proferenda,
943 4687 1136 4757 fractionem
1154 4713 1223 4758 nou
1243 4692 1361 4779 patitur
1377 4709 1409 4758 et
1423 4691 1458 4756 in
1475 4691 1509 4755 ιἰι
1524 4712 1614 4757 com-

436 4821 594 4885 mutatur,
621 4802 713 4871 velut
734 4804 767 4869 iu
791 4802 865 4891 liuf,
888 4801 972 4891 liufi,
992 4803 1095 4891 liufen
1107 4828 1123 4883 ;
1141 4804 1195 4873 hiu
1215 4805 1352 4873 biuuuen
1373 4805 1549 4897 (Notker).
1570 4845 1616 4857 —

434 4940 467 4984 v.
486 4917 627 5000 Braune‚
643 4918 733 4986 Ahd.
755 4915 914 4998 Gramm„
932 4917 969 5008 ὃς
982 4940 1040 5005 47,
1056 4922 1113 5006 48,
1133 4939 1214 5008 3543
1233 4918 1273 4988 cf.
1291 4920 1389 4989 Beitr.
1408 4920 1472 5003 IX,
1492 4940 1568 5008 525.

481 5031 533 5100 De
554 5031 670 5101 formis
689 5031 836 5100 kiskrerot
858 5045 955 5121 staro(
974 5047 1115 5123 sterozun
1134 5057 1207 5125 quae
1225 5057 1463 5127 nonnunquam
1479 5037 1615 5126 vestigia
