3768 5742
401 1067 504 1136 modo
519 1067 649 1137 averbo
669 1071 792 1139 saiwan
816 1067 908 1137 flexae
929 1085 1007 1136 sunt
1030 1088 1097 1157 quo
1121 1089 1138 1132 a
1159 1061 1260 1131 verbo
1282 1066 1365 1131 sitan
1387 1061 1579 1146 «sedere»,

399 1181 516 1251 formae
537 1196 647 1265 situm,
674 1187 782 1252 sitans.
810 1183 951 1263 Contra,
974 1206 1006 1271 p.
1034 1179 1079 1270 pl.
1103 1183 1240 1249 sniwum
1258 1179 1345 1269 (Mc.
1371 1181 1404 1261 6,
1429 1179 1485 1270 53)
1506 1179 1580 1269 [*se-

399 1300 605 1389 sautu-umej,
629 1299 810 1390 analogiam
835 1300 993 1390 participii
1016 1316 1180 1380 secutum,
1206 1295 1354 1364 vocalem
1378 1297 1390 1362 i
1413 1317 1473 1384 pro
1498 1319 1520 1362 u
1547 1297 1580 1362 in

401 1415 501 1505 stirpe
516 1416 657 1485 exhibet.

444 1534 475 1600 A
488 1534 586 1621 stirpe
599 1557 674 1600 sneu
689 1531 865 1600 informata
878 1549 957 1600 sunt
969 1549 1042 1619 got.
1055 1528 1246 1597 sniumundo
1262 1554 1278 1590 u
1293 1529 1377 1618 μετὰ
1392 1535 1531 1619 σπονδῆς
1548 1553 1579 1609 ν,

399 1649 604 1716 sniumundos
634 1674 651 1712 <r
679 1651 924 1738 σπουδαιοτέρως
953 1673 985 1727 ν,
1011 1645 1086 1715 ahd.
1116 1647 1240 1712 sniumo
1269 1642 1581 1735 (sliumo),‘sni0mo

401 1788 417 1826 ο
434 1761 601 1844 velociter,
618 1765 697 1846 cito,
713 1785 850 1851 propere
867 1788 897 1844 ν,
913 1765 1055 1830 sniamor
1071 1787 1087 1824 a
1106 1761 1213 1840 citius,
1228 1759 1362 1827 celerius
1385 1785 1416 1840 ν,
1435 1761 1581 1826 sniumon

402 1903 418 1939 «
435 1875 587 1945 festinare
604 1903 635 1959 »,
651 1876 691 1946 cf.
710 1900 755 1945 as.
770 1879 896 1958 sliumo,
916 1899 984 1965 ags.
1000 1881 1134 1957 snedme,
1150 1878 1297 1944 suidmor.
1314 1873 1496 1940 —Utrum
1510 1896 1581 1940 ver·

400 1989 480 2058 bum
504 2015 571 2080 ags.
594 2005 735 2073 snowan,
766 1995 912 2059 snedwarr
941 1989 1122 2058 secundum
1149 1990 1419 2078 conjugationem
1441 1986 1580 2055 validam

398 2103 521 2172 flexum
540 2125 573 2174 et
594 2129 632 2173 ex
645 2107 796 2188 *saiw-ri,
813 2104 1005 2197 *sno(w)·jo,
1028 2126 1153 2186 ortum,
1177 2128 1219 2172 an
1239 2101 1420 2170 secuudum
1441 2100 1581 2171 debilem

399 2221 665 2306 conjugationem
679 2218 802 2287 flexum
817 2238 850 2287 et
864 2243 902 2286 ex
916 2220 1083 2303 *sncdw-jo
1097 2239 1208 2287 ortum
1226 2219 1269 2287 sit
1282 2221 1444 2286 incertum
1455 2239 1520 2286 est.

443 2336 473 2402 A
495 2338 593 2425 stirpe
616 2360 697 2404 snau
719 2334 844 2404 flexum
871 2354 919 2403 est
943 2359 997 2404 an.
1029 2359 1149 2425 snpggr
1173 2359 1292 2425 snaggr
1318 2334 1471 2404 «celer»
1502 2334 1581 2425 (pro

397 2452 569 2542 *snaggwa
581 2453 778 2542 *snaggwia,
795 2453 952 2520 *snawwa
966 2450 1166 2540 *snawwjaj

445 2565 546 2634 Radix
560 2591 648 2648 sncu,
666 2581 866 2648 caramanico,
880 2589 919 2634 ex
934 2567 1108 2634 radicesnc'
1124 2592 1140 2629 u
1160 2584 1326 2655 torquere,
1336 2588 1412 2633 nere
1428 2562 1580 2646 ›>,addito

398 2679 563 2749 elemento
587 2707 608 2767 u
632 2700 704 2748 orta
728 2703 797 2748 esse
820 2679 949 2748 videtur
959 2680 1015 2769 (¹)
1041 2679 1095 2748 Cf.
1114 2681 1262 2761 Bremer,
1278 2681 1378 2748 Beiir.
1397 2679 1457 2761 XI,
1476 2703 1577 2771 4sq.,

399 2817 464 2884 277
480 2820 528 2885 sq.
543 2824 552 2880 ;
566 2795 767 2882 Johansson,
783 2796 881 2866 Beitr.
898 2796 992 2877 XIV,
1013 2816 1089 2883 343.

444 2935 477 2995 4.
496 2912 610 2978 Germ.
626 2913 836 2978 *snowananr
853 2933 906 2978 an.
923 2911 1032 2991 *surim
1049 2912 1152 2991 bada,
1163 2909 1315 2990 dialsno,
1331 2933 1403 2991 sna,
1414 2913 1493 2990 snid,
1508 2913 1581 2978 sniai

399 3025 448 3116 (v.
469 3027 567 3096 Bcitr.
586 3026 679 3107 XIV,
704 3026 784 3116 333)
807 3053 823 3090 a
848 3025 991 3110 scabere,
1017 3026 1130 3093 radere
1151 3051 1191 3108 »3
1219 3064 1264 3076 -
1287 3024 1328 3093 cf.
1355 3049 1408 3092 an.
1433 3049 1580 3115 snoggva

399 3162 539 3229 snnggva
556 3166 572 3203 «
589 3140 710 3223 calvus,
727 3163 817 3208 rasus
834 3167 864 3209 ν.
879 3141 1067 3226 Johansson
1085 3141 1217 3228 conjicit
1233 3139 1301 3206 haec
1314 3138 1411 3206 verba
1427 3163 1465 3206 ex
1475 3140 1580 3208 radice

399 3255 629 3345 indoeuropaea
641 3257 752 3344 sqlma'¹
772 3255 830 3346 (cf.
847 3277 897 3342 gr.
922 3260 1009 3327 κνάω
1035 3282 1051 3320 t<
1069 3256 1161 3338 rado,
1179 3257 1277 3324 scabo
1295 3283 1326 3338 ν,
1353 3253 1480 3344 imperf.
1496 3265 1577 3349 νονῆ;

398 3373 541 3460 κνητός;
572 3373 693 3442 anoton
718 3396 734 3433 t<
757 3369 849 3451 dent,
875 3369 1021 3458 gladium
1044 3397 1075 3451 ν,
1101 3375 1256 3443 κνώδαλον
1282 3369 1483 3460 cheliau»)
1509 3390 1581 3439 orta

400 3506 483 3567 esse,
509 3509 581 3575 quae
603 3486 637 3554 in
659 3488 851 3573 germanicis
875 3487 1020 3556 dialectis
1043 3505 1100 3555 aut
1118 3485 1261 3554 formam
1281 3501 1335 3554 sne
1353 3486 1458 3578 (unde
1474 3501 1576 3569 saiw,

398 3623 501 3684 suem,
517 3597 720 3693 suoru-baut
732 3602 874 3672 formam
890 3603 951 3670 hai
964 3603 1106 3672 exhibet.
1123 3627 1156 3670 v.
1181 3604 1279 3672 Beitr.
1302 3604 1395 3685 XIV,
1421 3625 1483 3693 332
1503 3627 1576 3695 sqq.

449 3737 478 3805 5.
496 3718 598 3799 Quod
621 3720 648 3785 si
670 3719 807 3788 verbum
829 3721 1024 3800 *triennarum
1048 3716 1138 3809 quod
1161 3719 1193 3785 in
1217 3718 1370 3785 omnibus
1395 3719 1579 3788 Germaniae

399 3829 541 3901 dialectis
556 3832 737 3902 secundum
752 3837 1019 3923 conjugationem
1035 3818 1174 3903 debilem
1189 3833 1342 3914 flectitur,
1358 3857 1432 3901 cum
1454 3834 1578 3902 *howa-

397 3971 474 4031 nun,
498 3949 685 4018 *saiwanan
708 3969 769 4018 cer.
794 3973 1036 4040 comparamus,
1063 3951 1214 4018 videmus
1234 3951 1372 4018 verbum
1396 3952 1578 4020 *trawanan

397 4061 510 4131 eadem
526 4062 597 4150 lege
610 4064 824 4134 informatum
841 4088 910 4133 esse
926 4090 989 4156 qua
1003 4066 1101 4134 verba
1118 4090 1192 4156 quae
1209 4065 1445 4156 reduplicatum
1464 4085 1577 4154 praete-

397 4180 498 4248 ritum
521 4178 684 4249 exhibent.
708 4180 790 4249 Inde
810 4182 970 4270 conjicere
992 4181 1128 4250 obvium
1150 4199 1198 4249 est
1222 4182 1403 4250 *trowanun
1427 4183 1578 4270 primitus

396 4296 598 4384 praeteritum
613 4296 772 4366 *ιι-οῦτοι
788 4297 977 4387 praebuisse,
990 4295 1108 4364 deinde
1122 4297 1282 4386 analogiae
1296 4296 1367 4385 lege
1380 4298 1414 4365 in
1428 4297 1577 4366 similitu-

396 4409 507 4479 dinem
520 4411 697 4480 verbomm
711 4411 869 4482 debilium
885 4432 1016 4503 raptum
1032 4435 1114 4482 esse.

443 4525 524 4595 Got.
541 4539 671 4608 trauan,
688 4551 721 4616 p.
738 4529 922 4598 trauaida«
941 4538 1118 4616 πεπεῖσθαι,
1135 4531 1313 4600 πεποιθέναι
1332 4553 1364 4611 u,
1379 4525 1455 4597 adh.
1473 4539 1574 4610 triten,

435 4842 458 4882 1.
475 4828 594 4896 Docent,
610 4833 786 4898 econtrario,
797 4831 876 4886 rnulti
892 4832 1066 4904 grammatici
1079 4831 1169 4902 (Fici,
1181 4831 1302 4900 Schade)
1316 4831 1399 4886 radici
1413 4834 1577 4904 germanicae

394 4931 456 4969 rnen
475 4918 638 4990 respondere
658 4919 881 4990 indoeuropaeam
903 4937 963 4975 snru
979 4941 993 4972 α
1010 4919 1095 4974 liuere
1112 4939 1146 4989 νς
1162 4918 1198 4976 cf.
1222 4937 1273 4978 scr.
1296 4938 1346 4975 suu
1363 4920 1515 4993 (Whitney,
1531 4922 1576 4988 it,

395 5022 422 5075 p.
442 5007 513 5077 195),
529 5024 571 5080 gr.
588 5006 652 5074 νάω,
669 5009 747 5075 eaden,
765 5009 812 5062 νέω
827 5009 940 5080 (ἔννεον).
