3768 5742
918 1036 961 1046 -
1011 1017 1024 1086 ς
1073 1036 1118 1046 .-

430 1155 468 1204 ut
480 1138 515 1204 in
522 1137 659 1226 forleoz,
674 1139 775 1223 sarad,
790 1137 876 1226 bear,
895 1158 973 1222 cet.,
989 1137 1044 1206 sed
1059 1139 1208 1226 primitus
1229 1136 1374 1221 brevem,
1395 1135 1511 1204 deinde
1526 1159 1606 1226 por-

430 1271 553 1320 rectam
567 1252 675 1322 luisse.
694 1254 773 1336 Quo
788 1275 882 1344 pacto
897 1277 935 1322 ex
949 1254 1038 1322 brevi
1052 1252 1157 1322 vocali
1180 1253 1278 1342 longa
1297 1251 1382 1320 facta
1401 1251 1497 1320 fuerit
1518 1251 1606 1320 vide-

431 1365 538 1436 bimus
552 1366 634 1436 infra
648 1369 698 1460 (p.
719 1370 789 1458 90).

475 1483 506 1574 c)
532 1485 571 1552 ln
600 1486 770 1554 Saxonum
798 1485 909 1575 lingua
932 1508 1031 1575 quarn
1055 1509 1095 1552 ex
1121 1506 1272 1574 poemate
1301 1483 1392 1574 quod
1420 1484 1607 1553 inscribitur

429 1601 574 1668 Haliand
594 1603 771 1691 praesertim
795 1603 961 1686 novimus,
978 1621 1013 1669 ut
1029 1603 1064 1670 in
1087 1601 1236 1684 diutisca,
1255 1602 1376 1670 vocalis
1399 1611 1420 1669 ἄ
1444 1601 1548 1669 brevis
1570 1604 1605 1670 in

430 1718 530 1805 stirpe
541 1720 707 1806 praesentis
721 1741 757 1785 ac
771 1718 941 1807 participii,
957 1731 974 1784 ἒ
987 1719 1147 1807 promissa
1162 1740 1197 1784 ac
1219 1716 1336 1784 deinde
1358 1720 1386 1784 ie
1401 1718 1434 1783 in
1450 1718 1602 1807 praeteriti

429 1834 529 1920 stirpe
544 1833 697 1900 occurrit.

475 1949 529 2018 Pr.
547 1948 664 2016 haldan
683 1975 699 2013 <t
718 1948 893 2031 custodire,
911 1969 1020 2016 tenere
1037 1973 1076 2030 »3
1094 1948 1224 2016 uroldan
1242 1975 1258 2012 r<
1271 1971 1434 2036 regnare»
1450 1974 1459 2031 ;
1475 1948 1606 2016 skaidan

431 2090 447 2126 u
466 2063 583 2131 ducere
596 2087 713 2132 navem
731 2089 747 2127 a
762 2090 770 2145 ;
784 2064 892 2150 fullon
910 2063 1066 2146 «cadere,
1084 2064 1147 2132 labi
1162 2089 1178 2127 v
1194 2091 1203 2148 3
1222 2063 1342 2132 wallon
1361 2084 1523 2147 «scatere,
1539 2062 1606 2132 fer-

428 2201 505 2245 vere
523 2203 539 2240 v
554 2203 563 2261 ;
581 2178 735 2246 *blandan
753 2180 920 2247 «miscere
937 2205 976 2262 »3
993 2202 1127 2268 gangem
1145 2179 1219 2247 rire
1230 2205 1245 2242 v
1261 2205 1270 2262 3
1282 2178 1388 2267 fahan
1408 2202 1549 2269 «capere
1562 2205 1578 2242 u
1593 2207 1602 2265 3

427 2294 550 2361 *hohan
566 2320 583 2359 «
599 2295 807 2382 suspendere,
824 2294 921 2382 figere
937 2321 968 2362 u.

472 2411 510 2478 P.
536 2434 569 2500 p.
594 2410 780 2498 gri-haldan,
805 2411 991 2500 unt-fallari,
1017 2409 1225 2498 gi-blandan,
1251 2413 1450 2500 gi-jongan,
1477 2410 1607 2479 bi-ban-

450 2550 507 2594 an.

426 2551 450 2616 g
472 2645 510 2710 P.
527 2643 623 2722 herm
644 2643 748 2723 weld;
763 2643 838 2732 fell.
862 2643 908 2712 H.
933 2645 1019 2712 2208
1042 2642 1167 2733 (Cott.)
1180 2643 1242 2734 sel.
1266 2664 1368 2733 2391,
1386 2665 1485 2733 3344,
1503 2664 1603 2731 2395,

429 2761 531 2842 2406,
547 2757 591 2847 pl.
601 2758 708 2847 sellun
718 2781 732 2837 ;
745 2759 805 2825 wil
817 2759 864 2826 H.
883 2761 983 2846 4869,
1008 2762 1093 2848 3688
1109 2759 1182 2826 well
1198 2759 1245 2826 H.
1263 2762 1365 2847 4882,
1386 2760 1431 2849 pl.
1451 2759 1605 2827 owillu'n

426 2874 474 2942 H·
492 2895 603 2962 40743
617 2875 722 2963 siner
735 2886 831 2960 rint·

473 2990 559 3072 Quae
574 2989 693 3057 vocalis
708 3003 737 3072 ἑ,
754 2992 786 3057 in
803 2992 954 3079 praeteriti
969 2992 1081 3079 stirpe,
1099 2991 1249 3080 primitus
1263 3013 1331 3057 non
1346 2991 1520 3079 promissa,
1531 2990 1603 3074 sed,

426 3123 463 3171 ut
486 3106 522 3172 in
546 3105 681 3174 diutisca
703 3105 826 3194 lingua,
850 3106 952 3174 brevis
979 3104 1075 3174 fnisse
1095 3105 1236 3173 videtur.
1260 3106 1352 3173 Dum
1374 3106 1463 3173 enim
1485 3105 1603 3173 Mona-

427 3220 532 3286 censis
552 3221 656 3287 codex
676 3220 822 3288 vocalem
844 3233 861 3287 ῑ
881 3239 918 3288 ut
939 3223 972 3289 in
994 3221 1159 3289 vocabulis
1179 3221 1245 3302 hir,
1271 3220 1374 3302 medo,
1397 3220 1530 3302 andrid,
1547 3220 1599 3304 let,

427 3334 486 3418 het,
506 3353 584 3417 cet.,
601 3338 645 3402 ita
658 3338 757 3403 etiam
777 3337 811 3404 in
826 3338 996 3426 praeteritis
1016 3337 1098 3418 bela,
1109 3338 1204 3424 se’ng,
1224 3356 1302 3420 cet.,
1319 3355 1464 3424 usurpat,
1482 3335 1603 3404 Cottu-

424 3449 543 3518 nianus
554 3471 681 3533 contra,
693 3453 727 3518 in
737 3451 803 3540 hez,
815 3452 916 3534 medo,
930 3472 1007 3534 cet.,
1020 3452 1167 3520 vocalem
1178 3465 1195 3519 ἑ
1203 3455 1400 3540 promissam
1410 3451 1603 3542 plerumque

423 3567 458 3633 in
473 3565 720 3657 diphthongum
741 3570 769 3635 ie
784 3589 980 3652 commutat,
999 3571 1043 3636 ita
1066 3588 1102 3636 ut
1123 3569 1158 3635 in
1179 3568 1262 3636 XIX
1277 3567 1476 3636 vocabulisr
1496 3591 1602 3636 serve·

422 3704 490 3766 tur,
508 3685 541 3752 in
559 3683 670 3752 CLIII
684 3685 712 3751 ie
732 3702 894 3772 appareat,
912 3685 945 3752 in
960 3685 1130 3772 praeteritis
1144 3706 1223 3751 vero
1238 3683 1319 3769 held,
1330 3686 1423 3775 fang,
1439 3704 1519 3769 cet.,
1535 3709 1551 3751 e
1566 3686 1600 3752 in

424 3798 555 3867 CXXX
579 3797 671 3886 locis,
697 3802 725 3866 ie
749 3800 784 3865 in
809 3799 923 3866 XXIV
950 3819 1078 3867 tantum
1104 3797 1308 3866 inscribatur.
1340 3799 1387 3865 Ex
1416 3822 1482 3888 quo
1512 3819 1600 3887 patet

419 3913 568 3982 vocalem
592 3939 607 3982 e
628 3916 662 3981 in
684 3916 851 4004 praeteritis
872 3915 931 3997 hrt,
948 3915 999 3998 lit,
1019 3933 1099 3998 cet.,
1115 3915 1264 4000 longam,
1280 3915 1314 3980 in
1330 3915 1411 3996 held,
1421 3914 1515 4002 slng,
1535 3916 1599 4002 pri·

421 4031 522 4097 mirus
546 4029 678 4098 brevem
700 4032 811 4109 fuisse,
838 4029 967 4114 deinde,
994 4031 1152 4120 analogiae
1174 4031 1245 4119 lege
1272 4049 1457 4119 porrectam
1484 4028 1594 4098 fuisse.

423 4170 456 4212 v.
477 4146 617 4229 Sievers,
632 4145 732 4215 Bcitr.
751 4147 778 4231 1,
795 4170 826 4234 p.
851 4149 923 4235 506.

464 4261 503 4352 d)
517 4262 645 4351 Lingua
669 4261 948 4330 Scandinavorum
966 4263 1000 4329 in
1022 4281 1180 4352 praesente
1200 4283 1236 4328 ac
1258 4261 1426 4350 participio
1444 4260 1597 4349 praeteriti

419 4379 642 4464 germanicam
663 4377 808 4445 vocalem
831 4377 852 4445 a
872 4398 927 4445 aut
940 4378 1133 4468 plerumque
1154 4377 1306 4462 servavit,
1327 4396 1382 4444 aut
1407 4374 1593 4464 aliquande,

417 4482 562 4580 subjecta
585 4516 731 4562 consona
747 4517 783 4582 g,
806 4495 839 4560 in
859 4517 874 4559 e
894 4514 950 4561 aut
966 4497 978 4561 i
993 4494 1223 4562 commutavit.
1240 4532 1285 4543 -
1304 4517 1335 4561 v.
1358 4493 1506 4571 Noreen,
1521 4494 1592 4560 An.

421 4608 583 4694 Gramm,
600 4609 637 4701 §§
652 4613 707 4691 61,
729 4630 764 4693 13
785 4612 840 4694 66,
862 4632 892 4698 3.

461 4725 517 4791 Pr.
528 4723 624 4812 folda
640 4724 796 4813 «plicare,
808 4747 902 4814 caput
914 4745 1021 4812 tegere
1035 4751 1051 4789 v
1065 4753 1074 4810 3
1092 4725 1188 4793 holda
1206 4751 1222 4789 v
1235 4723 1412 4803 custodire,
1425 4742 1537 4790 tenere
1547 4749 1564 4785 v
1581 4776 1590 4806 ‚

415 4838 513 4906 valdo
539 4865 555 4902 u
578 4862 711 4927 regnare
731 4865 772 4923 »3
800 4841 917 4909 blanda
945 4867 962 4905 ι(
984 4842 1117 4908 miscere
1136 4866 1182 4925 »3
1208 4861 1318 4928 gango
1338 4837 1416 4928 (gd)
1443 4864 1458 4902 u
1480 4839 1526 4904 ite
1547 4863 1588 4920 »3

414 4973 555 5038 praesens
568 4954 674 5042 hungo
694 4954 878 5044 «suspendi
895 4983 910 5020 v
930 4956 1087 5045 analogice
1106 4956 1178 5043 lege
1197 4977 1235 5021 ex
1255 4954 1424 5043 participio
1447 4952 1591 5041 hangran

414 5083 526 5134 ortum
539 5088 608 5154 est;
624 5070 706 5138 velta
722 5097 739 5136 <r
756 5071 843 5138 volvi
860 5097 876 5136 v
894 5070 933 5139 ad
947 5072 1086 5161 primam
1106 5071 1240 5138 classem
1263 5069 1440 5137 verborum
1465 5067 1591 5135 valido-
