3768 5742
856 962 899 975 ..
947 927 989 1011 67
1035 961 1080 973 .-

373 1068 545 1158 praesentia
559 1091 617 1158 per
630 1064 788 1156 syllabam
801 1089 857 1135 no·
872 1090 925 1134 nc·
939 1063 1115 1133 informata
1130 1082 1301 1131 accentum
1315 1061 1506 1155 plerumque
1523 1066 1558 1132 in

372 1182 434 1252 hac
448 1186 516 1273 ipsa
530 1184 653 1274 syllaba
667 1184 819 1274 primitus
832 1183 1006 1271 accipiant,
1029 1204 1099 1249 non
1115 1203 1133 1247 e
1154 1202 1325 1271 praegerm.
1347 1180 1484 1249 *wil-no
1502 1179 1559 1249 sed

373 1303 483 1389 potius
498 1323 538 1368 ex
550 1292 665 1389 *aul-nd
680 1318 796 1368 natum
811 1321 892 1367 esse.
1482 1307 1483 1310 ’

419 1415 460 1482 In
472 1415 672 1484 vocabulisa
697 1413 804 1481 uerbis
822 1412 973 1482 secundae
992 1429 1023 1479 et
1050 1412 1153 1479 tertiae
1175 1409 1281 1479 classis
1302 1410 1451 1480 derivatis
1471 1412 1560 1480 radix

374 1552 618 1622 nonnunquam
632 1529 772 1620 gradum
787 1529 945 1597 leviorem
959 1528 974 1594 l
990 1526 1135 1611 exhibet,
1163 1526 1283 1595 scilicet
1300 1528 1427 1595 vocales
1443 1539 1559 1595 tauta

373 1646 559 1734 promissas,
574 1646 624 1736 (v.
644 1642 796 1726 Osthoff,
816 1643 868 1711 M.
891 1642 931 1712 U.
955 1643 1016 1726 IV,
1032 1666 1064 1732 p.
1095 1663 1154 1731 323
1180 1641 1273 1732 sqq.)
1293 1642 1442 1731 Exempli
1466 1665 1559 1710 causa

372 1759 492 1829 affero:
1076 1791 1080 1798 ’

417 1877 447 1943 A
462 1873 570 1943 radice
583 1874 698 1963 spicit,
716 1874 829 1963 sqhaid
839 1898 850 1940 .·
865 1894 971 1960 germ.
992 1872 1095 1941 *skidd
1107 1871 1157 1963 (?)
1178 1891 1235 1941 aut
1256 1873 1388 1964 *ski'pijo
1412 1900 1430 1938 «
1447 1873 1559 1943 diffin-

372 1989 448 2059 dere
462 2016 479 2055 u
495 2009 575 2072 cet,
590 2012 697 2079 germ.
713 1989 808 2058 *skira
826 2015 842 2053 u
860 2011 969 2056 cacare
988 2014 1020 2071 u,
1033 1987 1074 2055 cf.
1093 1987 1202 2076 abulg.
1219 1988 1297 2056 distri
1314 2015 1330 2052 «
1344 2011 1455 2077 purus,
1468 2012 1560 2057 sanc-

372 2124 425 2173 tus
441 2131 474 2187 u,
488 2104 538 2174 lit.
556 2105 706 2195 sky'stasx
725 2105 845 2189 tenuis,
862 2126 975 2193 purus,
992 2103 1095 2171 clarus
1112 2129 1143 2170 u.

416 2223 448 2288 A
458 2219 564 2289 radice
572 2223 687 2310 spaig:
701 2238 773 2307 got.
787 2219 1072 2308 midja-sweipains
1083 2243 1099 2282 ε(
1109 2221 1336 2309 κατακλυσμός
1349 2245 1384 2303 >>;
1396 2219 1559 2289 incertum

373 2356 423 2405 est
446 2355 560 2404 utrum
585 2336 725 2405 verbum
748 2359 802 2405 an.
830 2336 915 2424 sulla
942 2361 958 2399 r
981 2334 1107 2403 moveri
1128 2361 1159 2418 u,
1189 2357 1257 2423 ags.
1287 2335 1363 2404 ahd.
1394 2339 1512 2428 sauisan
1542 2362 1560 2406 e

373 2473 545 2540 praegerm.
561 2453 686 2539 *speipo
699 2474 742 2518 an
756 2448 933 2539 ex*su1fijo
946 2469 1058 2518 ortum
1071 2451 1124 2518 sit.

416 2567 447 2633 A
459 2566 563 2634 radice
574 2589 642 2656 aug
655 2591 665 2633 :
683 2564 732 2636 lit.
751 2568 825 2654 rigis
836 2591 852 2630 n
865 2567 1105 2633 incrementum
1119 2591 1151 2647 u,
1163 2565 1248 2653 aiglis
1260 2591 1276 2629 u
1288 2567 1452 2652 gemmula
1466 2567 1554 2660 u(i).

371 2681 421 2772 (v.
446 2679 596 2764 Osthoff,
613 2682 664 2749 M.
686 2681 727 2751 U.
745 2681 806 2763 IV,
824 2679 920 2772 337.)

416 2797 447 2863 A
461 2797 567 2866 radice
580 2819 687 2885 germ.
706 2797 798 2864 baut:
818 2820 871 2865 an.
890 2797 961 2864 britr
977 2822 994 2860 t<
1010 2795 1139 2884 lignum
1157 2822 1188 2880 u,
1201 2795 1293 2866 mhd.
1312 2797 1372 2886 buz
1387 2823 1403 2862 a
1421 2799 1505 2868 ictus
1522 2825 1554 2884 u,

371 2934 440 3000 ags.
459 2912 523 3001 byei
538 2938 554 2976 κ
574 2913 709 2980 malleus
726 2937 742 2976 »
759 2931 822 2981 cet.

416 3029 446 3095 A
464 3027 571 3095 radice
591 3027 739 3118 (s)tapd:
764 3050 816 3114 gr.
844 3030 978 3111 Τῡδεύς,
1000 3026 1056 3096 lat.
1081 3040 1179 3109 rasus,
1200 3028 1390 3096 tra-tudimus
1403 3027 1464 3118 (ἓ),
1480 3050 1551 3118 got.

370 3143 549 3233 brit-bourn
563 3141 612 3232 (ἓ)
630 3168 646 3205 «
662 3131 800 3230 sanine
817 3168 848 3210 a.

416 3258 447 3324 Α
461 3257 567 3325 radice
581 3258 713 3342 skrapt:
729 3256 786 3325 lat.
802 3261 937 3325 scrutari
951 3279 1014 3328 cet.
1031 3280 1099 3346 ags.
1116 3257 1209 3325 scrad
1224 3260 1381 3327 «vestis»
1403 3278 1482 3342 cet.,
1496 3283 1551 3330 an.

370 3373 467 3441 skrtlS
482 3399 499 3437 «
516 3394 751 3441 ornamentum
768 3399 785 3436 »
802 3392 864 3441 cet.

416 3486 455 3577 d)
471 3488 585 3556 Solent
602 3488 700 3555 verba
715 3486 821 3554 valida
835 3488 870 3556 in
884 3486 998 3576 plurali
1014 3511 1155 3555 numero
1167 3488 1324 3576 praeteriti
1339 3506 1371 3556 et
1385 3490 1553 3581 participio

370 3603 526 3693 praeteriti
542 3602 813 3669 terminationem
834 3624 949 3670 acuere
968 3622 1001 3670 et
1020 3604 1054 3670 in
1074 3604 1173 3691 stirpe
1193 3601 1331 3688 gradum
1350 3602 1508 3672 leviorem
1523 3605 1554 3673 II

370 3716 491 3784 vocalis
506 3718 662 3807 accipere.
681 3715 784 3799 Quod
811 3740 880 3785 uno
901 3734 934 3784 et
956 3717 1058 3785 altero
1080 3717 1232 3806 exemplo
1253 3718 1329 3785 saris
1352 3721 1411 3786 erit
1434 3742 1556 3808 appro-

327 3868 328 3871 ¹
370 3831 446 3900 bare
470 3855 509 3899 ex
534 3835 641 3922 prima
665 3851 697 3900 et
722 3833 864 3900 secunda
888 3832 987 3901 classe
1014 3833 1137 3901 horum
1159 3832 1338 3902 uerborum
1357 3833 1554 3924 deprompto

371 3969 444 4036 quae
458 3969 515 4036 per
529 3949 755 4037 apophoniam
770 3949 973 4036 praereritum
988 3946 1184 4017 informant.
1202 3948 1233 4014 A
1248 3947 1406 4015 radicibus
1426 3949 1553 4038 *steigb

369 4060 508 4148 *bhepdh
523 4062 667 4132 derivata
691 4081 769 4131 sunt
783 4064 945 4152 praeterita
960 4082 990 4130 et
1006 4064 1172 4152 participia
1186 4086 1292 4150 germ.
1307 4063 1456 4153 *stigume
1474 4090 1490 4128 «
1506 4089 1553 4132 as-

370 4178 541 4246 cendimus
563 4205 580 4242 2>
607 4179 789 4267 *stipatum
811 4178 962 4245 *budume
987 4177 1201 4250 «obtulimus
1227 4205 1243 4243 u
1264 4179 1432 4248 *budanax
1458 4180 1556 4269 Apud

370 4290 467 4361 verba
492 4317 565 4383 quae
587 4292 826 4383 reduplicatum
850 4295 1053 4382 praeteritum
1078 4293 1244 4377 exhibent,
1268 4295 1488 4384 participium,
1517 4316 1555 4364 ut

369 4431 465 4497 supra
479 4408 636 4493 vidimus,
653 4410 837 4496 analogiam
853 4411 1021 4499 praesentis
1035 4411 1193 4499 sequitur,
1207 4430 1242 4484 ,er
1253 4409 1429 4498 plurativus
1439 4433 1556 4478 nume·

371 4547 427 4592 rus
454 4525 608 4613 praeteriti
630 4546 688 4613 per
710 4523 861 4595 eamdem
886 4523 1035 4598 vocalem
1060 4547 1117 4614 per
1140 4547 1240 4614 quam
1261 4525 1433 4615 singularis
1456 4524 1557 4593 infor-

372 4637 506 4729 matur(
520 4639 548 4730 ).
565 4638 621 4707 Ci.
639 4637 734 4720 *soka
750 4664 767 4703 x
784 4638 949 4708 dimicavit
965 4667 981 4706 u
993 4641 1038 4731 pl.
1054 4638 1205 4723 *salumn
1218 4639 1279 4709 *ola
1295 4666 1311 4705 «
1329 4642 1466 4710 nutrivit
1482 4641 1555 4731 upl.

409 5023 432 5063 r.
450 5003 659 5061 Conferendum
673 5006 781 5062 viderur
793 5023 835 5079 gr.
852 5007 969 5075 λέλοιπα,
986 5007 1150 5081 λελοίπαμεν,
1167 5020 1218 5067 cet.
