3768 5742
812 878 1036 945 ..30-

336 1017 642 1086 senaincovertitur
653 1016 706 1106 (v.
724 1016 862 1098 Sievers,
873 1018 955 1107 Ags.
967 1039 1121 1106 gramm„
1139 1017 1176 1109 §§
1188 1039 1244 1105 79,
1257 1018 1329 1109 80),
1342 1035 1513 1086 accentum

336 1132 457 1222 accepit
473 1150 503 1199 et
519 1153 579 1221 pro
594 1128 698 1198 vocali
712 1130 824 1199 radicis
839 1130 947 1199 habita
962 1150 1024 1216 est,
1039 1130 1121 1201 dum
1129 1131 1252 1201 vocalis
1261 1134 1382 1223 stirpis,
1393 1134 1513 1223 quippe

336 1271 409 1338 quae
422 1267 574 1316 accentus
589 1269 701 1335 expers
715 1246 824 1332 fuerit,
840 1249 979 1316 omnino
994 1249 1147 1332 evanuit3
1167 1248 1236 1317 haec
1255 1249 1355 1337 igitur
1372 1248 1513 1338 redupli-

337 1382 406 1432 cata
420 1365 682 1453 praetetitapaeue
692 1364 839 1432 eamdem
854 1367 994 1454 speciem
1004 1365 1233 1435 demonstrant
1242 1388 1342 1455 quam
1351 1366 1513 1456 praeterita

335 1501 393 1567 per
406 1478 628 1567 apophoniam
641 1478 829 1547 informata.

380 1591 465 1660 Heht
479 1611 511 1660 et
525 1593 601 1660 leole
615 1614 654 1659 ex
668 1592 897 1684 *b⁶·h(a²)i(⁶)›
913 1593 1125 1686 *la-l(ai)k(e)
1138 1613 1209 1678 aut,
1226 1593 1316 1684 quod
1331 1595 1414 1664 mihi
1432 1615 1512 1662 con·

335 1708 457 1796 jectura
480 1665 644 1796 probinus
669 1725 730 1790 est,
755 1729 795 1774 ex
816 1707 991 1776 levioribus
1014 1707 1167 1799 stirpibus
1191 1707 1350 1801 be·h(i)t-,
1377 1706 1512 1799 te-tppk-

335 1821 425 1912 (quae
438 1820 476 1889 ad
490 1821 739 1891 informandum
752 1821 906 1912 pluralem
924 1845 1100 1892 numerum
1121 1823 1333 1914 usurpantur)
1350 1841 1423 1890 orta
1443 1844 1523 1920 esse

334 1936 498 2005 videntur.

380 2051 504 2120 Eadem
537 2052 608 2141 lege
639 2050 814 2122 informata
842 2072 917 2122 sunt
948 2054 1041 2123 reord
1073 2071 1105 2121 et
1139 2054 1254 2124 drcord
1285 2077 1326 2122 ex
1358 2051 1512 2143 stirpibus

335 2167 500 2258 rc·r(o)d·,
515 2166 695 2258 dre-ross-
709 2185 764 2235 aut
777 2167 943 2258 re-r(a)d·,
962 2168 1158 2261 dre-r(o)d·;
1175 2191 1318 2260 quorum
1334 2167 1510 2236 verborum

335 2282 518 2368 analogiam
539 2298 689 2349 secutum
714 2301 761 2350 est
777 2283 853 2350 leort
874 2280 946 2372 [pro
967 2281 1114 2376 le·l(o)t·,
1139 2282 1295 2375 le-l(o)t-]
1314 2281 1404 2373 quod
1427 2303 1511 2349 con-

336 2421 453 2466 sonam
468 2419 557 2486 rpro
574 2396 632 2463 lin
646 2399 746 2486 stirpe
761 2396 900 2466 exhibet.

381 2510 486 2596 Quod
501 2514 528 2579 si
542 2535 609 2601 ags.
626 2511 739 2580 draord
752 2535 827 2580 cum
843 2535 896 2580 an.
912 2535 1019 2602 grem,
1037 2536 1140 2596 snera,
1164 2515 1246 2582 slera
1268 2536 1510 2603 comparamus,

334 2628 483 2696 videmus
497 2627 567 2696 haec
583 2629 756 2718 praeterita,
768 2628 858 2719 quod
873 2628 911 2696 ad
927 2648 1147 2699 consonantes
1163 2632 1293 2715 attinet,
1306 2629 1432 2698 diversa
1441 2629 1512 2717 lege

334 2744 510 2814 informata
525 2766 594 2813 esse
610 2767 673 2834 qua
686 2746 794 2834 gotica
808 2745 964 2814 stat-stata
984 2764 1040 2813 aut
1055 2746 1193 2836 fai-fiola
1211 2745 1269 2836 (cf.
1295 2746 1351 2815 lat.
1377 2749 1507 2826 sistere,

335 2881 397 2928 scr.
413 2861 582 2941 so-smdro,
599 2881 649 2947 gr.
667 2860 832 2950 boa-qao).
855 2859 1062 2950 Reduplicata
1083 2863 1172 2929 enim
1194 2860 1315 2949 syllaba
1335 2860 1374 2928 ab
1394 2858 1510 2928 iisdem

335 2975 460 3045 duabus
478 2976 632 3043 consonis
651 2976 776 3064 incipit,
796 2974 948 3066 aquibus
967 2976 1067 3061 radia,
1088 2977 1168 3046 dum
1190 2980 1287 3068 stirps
1309 2978 1510 3045 econtrario

335 3111 392 3160 aut
413 3094 552 3180 primam
567 3110 698 3159 tantum
716 3091 862 3180 (bne-so,
887 3091 1026 3182 *sle-so),
1054 3113 1109 3160 aut
1134 3092 1311 3161 secundam
1337 3092 1508 3184 (ssa-rod,

334 3206 474 3297 *gre-ro)
488 3206 628 3274 exhibet.
652 3207 745 3289 Quas
768 3208 967 3294 germanicas
987 3206 1107 3276 formas
1131 3231 1171 3277 ex
1193 3222 1352 3290 sne-sno·,
1375 3206 1508 3288 sle-5157

243 3363 246 3368 ·
335 3322 511 3403 dre-droa,
531 3333 674 3411 gre-gro·
696 3341 784 3389 ortas
803 3345 882 3403 esse,
900 3321 974 3391 licet
995 3324 1161 3412 conjicias,
1184 3323 1368 3393 dummodo
1389 3342 1511 3391 statuas

336 3438 452 3506 latinas
467 3438 565 3505 etiam
579 3436 701 3504 formas
713 3450 808 3519 stc-ti,
824 3439 1004 3526 spo-pondi,
1022 3458 1084 3507 cet.
1108 3464 1146 3507 ex
1159 3441 1290 3525 *ste-sti,
1305 3438 1508 3528 *spe-spondi,

336 3572 400 3620 cet.
431 3572 506 3620 nata
530 3574 599 3619 esse
625 3551 677 3641 (v.
703 3550 857 3636 Osthoff,
888 3554 987 3624 Beitr.
1014 3555 1115 3636 VIII,
1144 3577 1206 3644 540
1228 3579 1328 3647 sqq.;
1355 3556 1511 3638 Noreen,

339 3669 486 3757 Urgerm.
499 3667 590 3750 Judt.
606 3666 624 3757 §
642 3687 695 3754 50,
711 3668 839 3756 Henry,
858 3667 1003 3738 Gratum.
1019 3681 1117 3759 comp.
1135 3671 1153 3760 §
1169 3673 1247 3759 238,
1266 3671 1317 3761 3.)

378 3807 411 3872 4.
430 3785 542 3853 Restat
556 3801 592 3851 ut
607 3805 692 3850 raras
707 3781 861 3874 quasdam
883 3784 1033 3854 diutiscas
1053 3784 1177 3854 formas
1199 3787 1409 3875 respiciamus
1433 3808 1512 3875 quas

335 3897 479 3988 plerique
501 3897 718 3986 grammatici,
743 3898 832 3965 velut
854 3896 1051 3980 Schleicher,
1069 3897 1220 3967 Schmidt
1234 3897 1447 3990 (Vocolismus
1466 3898 1511 3979 II,

302 4052 310 4066 ·
334 4032 400 4099 429
415 4012 526 4103 sqq.),
549 4011 655 4100 Kluge
679 4009 807 4099 (Germ.
834 4015 981 4103 conjug„
1009 4013 1086 4104 95),
1112 4012 1256 4082 Osthoff
1271 4012 1389 4104 (Bcitr.
1415 4011 1511 4093 VIII,

339 4145 400 4216 552
415 4126 521 4218 sqq.),
536 4148 596 4215 pro
609 4127 751 4214 vestigiis
772 4128 924 4217 praeteriti
946 4151 1004 4219 per
1023 4131 1230 4198 iterationem
1250 4130 1365 4218 primae
1383 4127 1513 4218 syllabae

334 4241 503 4312 informati
518 4241 714 4312 habuerunt.

381 4359 420 4449 a)
441 4360 472 4426 A
493 4358 594 4427 verbo
614 4372 719 4428 striata
743 4385 759 4424 «
783 4359 919 4429 clamare
945 4386 962 4425 a
984 4359 1075 4429 fiexae
1095 4380 1173 4429 sunt
1194 4360 1337 4429 formae:
1368 4382 1382 4449 3
1410 4383 1442 4450 p.
1466 4358 1511 4449 pl.

336 4473 472 4553 scrirun,
496 4470 623 4558 Otfrid,
640 4473 699 4555 IV,
718 4493 773 4560 24,
794 4495 854 4561 143
875 4474 935 4558 IV,
961 4475 1017 4561 26,
1040 4495 1075 4561 7,
1096 4472 1139 4544 cf.
1162 4472 1255 4542 mhd.
1278 4474 1411 4555 schrirn,
1439 4491 1511 4562 opt.

334 4590 426 4656 sariri
434 4610 449 4668 ;
471 4611 505 4653 v.
531 4588 619 4657 Aha.
644 4587 781 4672 Glossen,
804 4589 832 4671 I,
859 4591 937 4669 600,
958 4611 1020 4675 413
1046 4612 1078 4679 p.
1103 4613 1136 4679 p.
1158 4587 1390 4679 gistriran(?),
1418 4587 1510 4657 mhd.

331 4702 506 4791 geschrirn.

379 4817 576 4907 Analogiam
592 4818 681 4888 verbi
699 4831 801 4887 scrian
818 4837 972 4886 secutum
992 4836 1041 4887 est
1061 4831 1184 4908 spiwan
1205 4845 1221 4884 α
1246 4840 1362 4908 spuere
1383 4843 1399 4883 t>
1425 4817 1513 4908 quod

334 4953 396 5020 pro
410 4933 579 5022 participio
595 4934 746 5024 praeteriti
763 4931 855 5002 mhd.
870 4936 1012 5024 gespiren
1025 4932 1158 5025 ptaebet.
