3768 5742
856 976 1083 1062 -33-

377 1113 472 1196 wohs,
490 1138 544 1186 an.
562 1121 613 1199 dx,
637 1140 684 1184 as.
709 1137 777 1204 ags.
802 1114 862 1184 alr.
885 1129 968 1198 wax,
992 1115 1068 1185 ahd.
1088 1115 1211 1205 wuohs)
1234 1133 1291 1183 aut
1310 1116 1499 1198 *we-wohse,
1515 1115 1560 1205 pl.

377 1230 658 1322 *wc-w(u)hsume,
686 1232 893 1300 *we-uhsume
916 1231 1002 1323 (ags.
1020 1236 1118 1312 wedx,
1136 1230 1180 1322 pl.
1197 1230 1340 1321 wedxon)
1352 1229 1390 1322 [¹]
1407 1256 1417 1314 3
1443 1230 1561 1321 quibus

378 1346 494 1415 addere
508 1347 613 1446 possb
622 1349 760 1417 fortasse
775 1348 913 1417 verbum
922 1347 1032 1436 *hausu
1046 1373 1062 1412 a
1076 1349 1196 1415 naenias
1206 1370 1289 1415 cano
1302 1373 1319 1410 u
1330 1348 1415 1438 (ags.
1428 1347 1484 1414 hed
1480 1347 1562 1436 fan)

379 1463 467 1553 quod
482 1489 516 1554 p.
532 1455 1022 1556 pl.*l1e-hufume(ags.bedfon)
1036 1463 1169 1553 praebet.
1186 1463 1277 1530 Num
1294 1464 1391 1530 etiam
1402 1465 1563 1552 praeterita

379 1599 448 1666 ags.
465 1580 558 1663 bredt,
577 1604 623 1650 as.
638 1585 739 1671 griat,
756 1583 842 1670 grial
856 1578 1053 1670 (Cottum),
1069 1601 1135 1668 ags.
1150 1578 1258 1666 bnedp,
1270 1601 1341 1668 quae
1351 1576 1564 1667 praesentibus

380 1717 446 1783 ags.
467 1695 604 1778 bredtan,
621 1719 674 1765 an.
694 1696 794 1814 baillia
812 1722 828 1760 a
845 1694 995 1782 frangere
1013 1722 1045 1777 a,
1061 1718 1107 1763 as.
1124 1696 1252 1783 griolan
1262 1707 1392 1783 greotan
1408 1720 1425 1757 a
1442 1693 1561 1776 flere»,

379 1829 451 1898 got.
468 1811 659 1900 dishniupan
676 1839 693 1877 «
710 1812 844 1881 avellere
857 1839 873 1876 u
891 1811 1102 1901 respondent,
1118 1833 1178 1899 pro
1194 1808 1401 1900 reduplicatis
1411 1811 1563 1899 primitus

378 1928 549 2015 praeteritis
564 1927 712 1997 habenda
725 1929 792 2002 sint
808 1928 949 1996 omnino
964 1928 1129 1994 incertum
1144 1943 1204 1995 est.

423 2042 471 2109 Ut
489 2044 523 2110 in
546 2043 743 2132 quibusdam
760 2042 867 2110 verbis
883 2065 957 2133 quae
977 2043 1178 2130 praeteritum
1197 2063 1254 2129 per
1274 2039 1494 2129 apophoniam
1514 2043 1563 2109 in·

377 2155 519 2225 formare
548 2158 657 2226 solent
688 2157 886 2248 reduplicata
920 2155 1042 2245 syllaba
1074 2175 1198 2223 servata
1228 2175 1295 2239 est,
1319 2157 1364 2223 ita
1393 2178 1506 2223 rursus
1529 2156 1563 2223 in

378 2275 487 2362 paucis
502 2274 707 2365 reduplicatis
722 2276 892 2366 praeteritis
907 2272 1104 2362 reduplicata
1119 2271 1239 2361 syllaba
1254 2269 1405 2340 cecidisse
1419 2271 1561 2341 videtur.

378 2389 583 2457 Praeteritum
605 2390 758 2458 *lae-haita
781 2391 902 2479 pariter
922 2411 959 2456 ac
979 2388 1079 2455 *haita
1102 2388 1192 2478 (run.
1219 2387 1298 2467 bair,
1319 2408 1385 2454 wn.
1409 2386 1484 2468 lacit,
1503 2410 1560 2457 on.

378 2502 443 2584 het,
462 2502 540 2571 abd.
556 2505 678 2592 cubela,
697 2505 907 2592 *swa-swaipe
929 2523 961 2571 et
980 2504 1112 2590 *swaipe
1131 2502 1201 2592 (an.
1222 2500 1343 2592 sveip),
1365 2501 1511 2570 *le-laike
1532 2522 1562 2571 et

377 2619 476 2688 *laide
489 2621 627 2712 (ascbW.
647 2621 724 2711 uk),
741 2619 928 2688 *ska-skaidi
943 2639 975 2686 et
991 2619 1113 2685 *skaide
1132 2618 1217 2706 (ags.
1237 2617 1344 2708 scea'd)
1365 2617 1564 2706 usurpabant

379 2735 535 2803 Germani
550 2740 614 2826 jam
630 2755 706 2804 ante
722 2755 853 2825 tempus
867 2759 935 2827 quo
951 2759 990 2802 ex
1004 2735 1160 2802 *he-bulte
1174 2733 1280 2802 forma
1292 2736 1448 2804 *hd-baira
1458 2733 1564 2826 (unde

378 2870 503 2940 postea,
522 2871 647 2920 mutata
659 2855 694 2918 oi
708 2854 742 2919 in
758 2865 785 2932 2,
803 2850 938 2940 *behem
957 2869 1030 2918 otta
1050 2871 1109 2919 est.
1138 2849 1328 2918 Occurrunt
1349 2851 1444 2919 nobis
1465 2853 1564 2919 etiam

378 2967 541 3055 praeterita
555 2968 630 3034 *lota
648 2967 724 3056 (on.
749 2967 841 3056 lot)«
862 2967 1010 3056 permisit
1034 2991 1050 3030 >r
1072 2987 1131 3054 pro
1152 2966 1280 3047 *Ie-late,
1302 2966 1383 3034 *tolca
1404 2967 1476 3057 (an.
1498 2965 1563 3056 idle)

380 3107 396 3143 n
414 3083 527 3170 cepit»
545 3105 604 3171 pro
614 3082 749 3163 *le-toke,
760 3081 891 3169 *lalaupc
905 3082 978 3170 (on.
994 3081 1056 3167 lap,
1069 3103 1137 3147 wn.
1154 3077 1198 3169 pl.
1211 3079 1342 3170 hlaupo)
1357 3106 1373 3144 a
1389 3081 1562 3149 cucurrit»

382 3221 441 3286 pro
456 3197 649 3287 *bc-hlaupe,
668 3196 713 3287 pl.
730 3197 897 3286 *hlupume
911 3196 997 3286 (wn.
1024 3194 1129 3282 blupo,
1151 3218 1208 3262 on.
1230 3195 1319 3285 lupa,
1340 3217 1408 3283 ags.
1433 3195 1560 3285 blupon‚

379 3313 471 3381 mhd.
500 3313 615 3403 luffen)
638 3335 699 3400 pro
720 3312 954 3400 *be-hlamma,
984 3310 1077 3399 *falle
1106 3310 1181 3401 (on.
1211 3310 1289 3401 loll)
1317 3333 1377 3398 pro
1406 3309 1558 3398 *ft-falle,

378 3429 495 3496 *wolde
509 3429 585 3519 (on.
598 3429 682 3518 vait)
692 3451 752 3518 pro
763 3428 957 3508 *weoalda
971 3427 1015 3517 pl.
1027 3426 1188 3510 *sullanae
1202 3426 1378 3507 *huldreum
1389 3427 1563 3493 *wuldume

377 3543 450 3634 (on.
461 3542 559 3632 fullo,
579 3542 686 3623 balda,
704 3541 808 3623 holda,
835 3565 902 3614 svn.
927 3540 1014 3631 aldo)
1036 3564 1095 3630 pro
1116 3540 1324 3629 *se-sullume,
1343 3560 1425 3622 cet„
1441 3541 1561 3630 *gange

377 3658 461 3748 (ags.
478 3657 584 3749 gang)
599 3681 658 3747 pro
674 3658 860 3747 *ge-gange.
879 3657 967 3740 Quae
977 3675 1086 3724 autern
1098 3654 1334 3724 formaeutrum
1345 3676 1422 3723 ante
1431 3675 1560 3746 tempus

378 3797 444 3864 quo
468 3758 640 3842 accentum
664 3772 862 3861 reduplicata
883 3771 1005 3860 syllaba
1028 3774 1163 3860 accepit,
1186 3793 1227 3838 an
1252 3795 1291 3839 eo
1315 3791 1464 3860 tempore
1494 3794 1560 3862 quo

307 3897 312 3906 '
378 3908 527 3958 accentus
543 3911 652 3957 rursus
669 3913 708 3956 ex
723 3887 920 3977 reduplicata
934 3887 1054 3976 syllaba
1070 3889 1104 3955 in
1120 3891 1254 3977 stirpem
1273 3886 1398 3956 delatus
1413 3907 1462 3955 est
1480 3907 1562 3954 ortae

377 4006 455 4088 sint,
473 4005 594 4072 nescio.

422 4120 515 4187 Dum
531 4121 566 4186 in
579 4121 767 4208 germanica
783 4120 894 4206 lingua
908 4117 977 4185 haec
996 4117 1146 4185 videntur
1162 4116 1258 4184 verba
1279 4119 1480 4206 praeteriturn
1504 4140 1561 4206 per

379 4235 600 4327 apophoniam
619 4235 847 4304 informavisse
870 4257 1012 4326 quorum
1035 4233 1123 4301 radix
1144 4233 1335 4301 dissimilem
1355 4232 1503 4300 vocalem
1526 4235 1560 4300 in

376 4352 477 4440 gradu
494 4352 642 4437 graviore
658 4351 672 4418 I
689 4370 721 4419 et
746 4352 781 4418 in
805 4351 907 4438 gradu
928 4351 1078 4438 graviore
1098 4349 1132 4416 II
1148 4347 1331 4431 exhibebat,
1347 4348 1399 4416 illa
1418 4347 1561 4437 redupli-

377 4487 482 4536 catam
506 4464 663 4555 syllabam
685 4489 898 4535 servaverunt
922 4489 1066 4557 quorum
1089 4467 1184 4554 stirps
1199 4465 1363 4554 graviorl
1389 4487 1466 4532 cum
1486 4487 1560 4553 gra·

377 4726 590 4739 ..-—-—

415 4901 438 4940 1.
460 4885 580 4940 Verbum
595 4903 655 4958 ags.
672 4895 771 4959 spantia
786 4887 859 4959 quod
874 4887 1025 4943 secundum
1040 4900 1144 4943 sextam
1157 4887 1271 4943 classem
1291 4889 1437 4944 verborum
1456 4887 1561 4942 valido·

377 4991 436 5026 rum
452 4973 568 5029 flectitur
582 4976 623 5047 (p.
639 4993 696 5048 ags.
711 4994 750 5033 as.
761 4976 826 5034 ahd.
837 4978 912 5049 spon)
925 4995 1122 5050 nonnunquam
1137 4977 1272 5050 analogiae
1285 4979 1361 5035 verbi
1375 4995 1432 5050 ags.
1443 4987 1561 5050 sponnan

376 5079 402 5133 p.
417 5064 510 5134 spadam
524 5063 755 5136 obtemperavisse
770 5066 888 5132 videtur,
905 5078 932 5120 et
945 5069 1113 5139 praeteritum
1127 5067 1200 5139 spada
1215 5065 1323 5122 exhibet
1338 5083 1387 5139 pro
1401 5072 1472 5138 spon.
