3768 5742
796 958 841 968 ..
885 942 907 1006 4
952 957 995 970 ..

354 1057 402 1123 Ex
425 1057 530 1125 verbis
548 1057 655 1146 fahan
677 1077 708 1127 et
736 1061 837 1129 haban
860 1062 1021 1150 praeterita
1035 1059 1127 1149 fieng
1150 1079 1182 1128 et
1204 1059 1299 1149 hieng
1321 1059 1484 1128 declinau-

307 1193 375 1240 tur.
397 1173 565 1262 Tempore
588 1197 654 1264 quo
679 1197 896 1244 consonantes
919 1177 1161 1266 indoeuropaeae
1180 1176 1412 1244 substitutione
1430 1175 1482 1244 illa

306 1311 528 1356 consonarum
556 1313 629 1380 quae
651 1291 750 1375 vulgo
776 1293 1080 1379 Laulverscbiebung
1104 1293 1222 1361 dicitur
1243 1292 1394 1360 nondum
1417 1293 1480 1358 im-

304 1425 439 1472 mutatae
464 1425 569 1486 erant,
598 1406 733 1474 verbum
760 1407 876 1496 *potabo
900 1410 1100 1498 praeteritum
1123 1407 1326 1500 *pe-pd(n)ke
1351 1407 1480 1475 exhibe-

304 1520 358 1588 bat
369 1547 380 1604 ;
398 1524 431 1588 in
446 1521 562 1611 plurali
575 1543 685 1590 autem
706 1547 843 1591 numero
865 1545 898 1591 et
919 1525 1086 1614 participio
1105 1525 1272 1613 praeteriti,
1293 1545 1479 1592 accentuse

303 1638 402 1726 stirpe
416 1639 450 1704 in
467 1641 731 1706 terminationem
754 1639 884 1707 cadebat
904 1665 911 1706 :
929 1639 1161 1729 *pe-punituml,
1176 1640 1354 1730 *pankom'ts
1363 1640 1420 1730 (¹)
1439 1640 1478 1707 In

303 1756 410 1842 primo
434 1757 498 1840 jam
522 1777 593 1821 aevo
613 1757 806 1842 germanicae
832 1757 966 1842 linguae,
993 1779 1011 1822 e
1038 1756 1190 1824 tenuibus
1221 1756 1478 1824 consonantibus

301 1871 460 1958 spirantes
482 1869 575 1937 factae
598 1890 689 1953 sunt,
714 1872 798 1937 sicut
820 1872 930 1959 regula
955 1871 1197 1938 substitutionis
1220 1873 1477 1939 consonantium

301 1984 463 2072 postulat:
481 1984 605 2072 *soniam
622 2009 653 2073 p.
675 1985 849 2075 *se-scinde,
864 1985 909 2074 pl.
929 1985 1157 2075 *fe-sanhumd,
1177 2007 1210 2074 p.
1233 2009 1264 2074 p.
1288 1986 1475 2074 *fundanda

302 2099 442 2180 Deinde,
458 2104 590 2167 servatis
604 2101 642 2167 iis
656 2100 851 2188 spirantibus
865 2125 938 2190 quae
953 2100 1057 2168 vocali
1075 2121 1179 2168 acutae
1198 2104 1352 2197 subjectae
1370 2122 1475 2182 erant,

301 2237 428 2296 ceterae,
452 2236 488 2282 ut
511 2215 650 2283 Karolus
671 2217 795 2283 Verner
814 2216 921 2298 docet,
939 2239 1025 2283 nova
1046 2215 1282 2314 substitutione
1298 2219 1334 2284 in
1355 2215 1477 2284 medias

300 2353 400 2398 versae
421 2351 526 2399 sunt:
553 2331 676 2420 *faniam
699 2331 852 2420 *sefanlm
879 2333 1091 2421 *sejungam
1121 2331 1319 2421 *sangonam
1343 2333 1473 2414 *banda

300 2446 484 2531 *he-laanhe,
500 2447 737 2533 *he-hangume,
753 2447 943 2535 *laonganas
964 2448 1009 2514 Ut
1026 2449 1060 2514 in
1075 2449 1185 2537 gotica
1198 2448 1311 2536 lingua
1329 2450 1476 2536 praeteri·

300 2581 373 2628 tum
388 2562 513 2651 faifah,
531 2563 701 2652 salsulam,
724 2562 879 2650 analogiae
897 2564 970 2651 lege
988 2564 1023 2630 in
1042 2562 1290 2630 similitudinem
1309 2565 1475 2652 praesentis

300 2698 444 2765 raptum,
459 2701 587 2766 semper
602 2681 777 2766 spirantem
795 2701 975 2746 consonam
990 2677 1124 2767 praebet,
1140 2681 1185 2746 ita
1203 2680 1237 2745 in
1254 2678 1390 2746 diutisca
1404 2681 1475 2746 siu-

296 2792 418 2878 gularis
435 2816 590 2860 numerus
606 2795 757 2882 praeteriti
772 2793 927 2881 analogiae
941 2792 1071 2882 pluralis
1085 2792 1324 2882 obtemperavit
1338 2814 1371 2861 et
1390 2817 1474 2862 con-

295 2929 416 2974 sonam
440 2908 581 2976 mediam
606 2909 741 2998 adeptus
763 2929 841 2977 est:
861 2908 950 2998 fieng
971 2908 1066 2995 hieng
1090 2908 1131 2977 cf.
1156 2908 1290 2998 fiettgun
1318 2909 1470 2996 hiettgun.

296 3023 502 3090 Praeteritum
525 3022 616 3112 fieng
643 3024 816 3115 aliquando
845 3026 942 3091 etiam
974 3023 1155 3111 analogiam
1179 3027 1347 3113 praesentis
1364 3024 1472 3112 fahan

295 3159 445 3206 secutum
461 3159 523 3223 est,
541 3142 585 3207 ita
599 3159 650 3220 ut,
666 3143 766 3228 ejecta
786 3140 883 3208 nasali
897 3163 1043 3207 consona
1064 3165 1098 3221 n,
1124 3138 1248 3207 formas
1269 3138 1469 3229 praebuerit:

295 3251 476 3340 int-firgus,
502 3255 664 3342 int-phiec,
684 3257 827 3344 pbiegin,
850 3256 1077 3344 int-pbiegena.
1094 3293 1140 3306 -
1154 3279 1187 3321 v.
1213 3256 1359 3338 Braune‚
1381 3256 1468 3324 Alta.
1502 3318 1507 3328 .

297 3367 457 3450 Gratiam„
477 3370 494 3460 §
511 3391 591 3458 35o;
609 3370 648 3438 cl.
666 3371 764 3439 Beitr.
784 3372 810 3438 V
813 3371 841 3451 l,
861 3391 933 3457 544.
953 3370 1075 3437 Eadem
1092 3371 1163 3458 lege
1181 3394 1244 3459 qua
1264 3369 1340 3461 n(lr)
1360 3390 1391 3438 et
1411 3395 1466 3459 ng,

292 3484 453 3553 alternant
467 3487 553 3553 vices
568 3487 673 3554 media
692 3488 713 3552 d
733 3487 809 3577 (pro
828 3488 969 3575 spirante
991 3507 1098 3572 germ.
1121 3486 1160 3576 Ρ)
1175 3505 1208 3553 et
1231 3488 1339 3553 tenuis
1358 3499 1370 3552 t
1389 3486 1466 3577 (pro

290 3598 397 3666 media
411 3623 515 3688 germ.
532 3602 618 3691 d)in
628 3603 747 3691 saldan
762 3602 882 3692 (germ.
906 3601 1097 3692 ⁸stillantur.)
1115 3622 1148 3669 et
1167 3601 1322 3692 gi-sultan
1342 3603 1464 3692 (germ.

289 3714 474 3806 *salbandm
501 3717 723 3807 *faldan(o)s;
745 3718 800 3785 sed
815 3718 972 3804 analogiae
990 3717 1062 3803 lege
1082 3719 1181 3783 etiam
1201 3739 1341 3804 praesens
1355 3717 1465 3806 foltan

290 3849 321 3896 et
339 3832 544 3919 participium
558 3831 707 3920 gisaldan
721 3852 793 3900 orta
806 3851 895 3900 sunt.

332 3947 668 4017 Animadvertendum
684 3969 732 4018 est
746 3949 886 4039 denique
898 3947 1045 4015 vocalem
1061 3961 1090 4028 ἑ,
1109 3970 1207 4037 quarn
1230 3947 1327 4035 stirps
1345 3967 1464 4037 praete-

287 4065 340 4132 riti
354 4064 488 4153 praebet,
504 4067 655 4154 primitus
670 4087 738 4133 non
753 4066 961 4154 promissam,
981 4063 1037 4131 sed
1059 4064 1145 4152 apud
1165 4064 1365 4153 antiquiores
1383 4089 1463 4132 auc-

286 4201 374 4246 tores
389 4179 521 4248 brevem
542 4179 650 4249 fuisse.
674 4180 860 4249 Translatio
885 4180 1001 4248 Isidori
1021 4199 1054 4248 et
1076 4180 1272 4268 fragmenta
1290 4179 1459 4261 theotisca,

284 4293 339 4362 ubi
353 4308 371 4361 ἑ
384 4295 503 4363 vocalis
526 4298 591 4384 jam
610 4298 644 4364 in
661 4319 698 4363 eu
720 4319 848 4385 semper
863 4315 1066 4364 commutata
1080 4313 1223 4384 apparet,
1239 4293 1360 4362 formas
1378 4317 1461 4383 prae-

284 4411 382 4480 bent:
402 4412 489 4501 fena,
506 4418 646 4504 lengun,
664 4414 803 4503 [rogim
824 4436 913 4500 gena,
937 4412 1026 4496 kenk,
1046 4435 1187 4500 gengun,
1211 4410 1335 4498 lengun
1345 4411 1458 4490 meuc.

284 4551 315 4595 v.
341 4529 441 4596 Beier.
473 4529 502 4612 l,
535 4551 617 4619 5073
650 4530 726 4598 inde
755 4549 841 4618 patet
872 4528 954 4596 hanc
981 4527 1128 4596 vocalem
1165 4551 1234 4595 non
1266 4527 1460 4617 promissam

286 4723 498 4736 ῃ

320 4856 343 4896 r.
360 4841 403 4895 De
417 4841 505 4896 vocali
521 4840 618 4895 radicis
633 4843 714 4911 hujus
728 4839 802 4894 verbi
816 4838 878 4893 vide
891 4838 971 4904 insta,
987 4857 1014 4911 p.
1031 4839 1075 4894 88.
1092 4839 1124 4892 ln
1144 4835 1241 4909 plurali
1256 4853 1374 4892 nurnero
1392 4853 1460 4909 prae-

279 4929 352 4981 teriti
366 4929 473 4983 videtur
486 4929 588 4984 vocalis
602 4929 618 4982 d
633 4931 694 5002 (pro
709 4929 739 5000 al)
753 4927 886 4999 analogiae
900 4927 972 4998 lege,
987 4928 1020 4982 ad
1031 4925 1170 4998 exemplar
1179 4923 1325 4995 singularis
1339 4927 1456 4992 numeri,

279 5017 421 5070 exstitisse.
