3768 5742
810 915 1033 980 -16-

331 1068 387 1118 tur
400 1062 503 1132 tmen,
512 1061 631 1117 nawen
643 1048 734 1116 mhd.
748 1063 849 1135 trum,
859 1063 981 1120 nawen
992 1079 1009 1117 <r
1022 1051 1200 1135 confidere,
1211 1053 1353 1136 credere,
1366 1074 1505 1144 putare»

332 1185 364 1233 et
379 1180 467 1232 naun
483 1163 574 1232 mhd.
591 1179 703 1232 nowen
720 1192 736 1230 v
754 1165 891 1234 tundere
909 1193 939 1232 n.
958 1168 1095 1236 Exstant
1110 1169 1208 1236 etiam
1221 1166 1337 1236 formae
1348 1170 1382 1236 in
1394 1169 1510 1260 quibus

332 1279 557 1369 diphthongus
571 1282 757 1367 germanica
771 1303 814 1348 au
833 1280 925 1372 (ahd.
948 1282 1005 1372 ou)
1023 1302 1079 1350 aut
1098 1307 1136 1350 eu
1159 1281 1251 1374 (ahd.
1276 1284 1327 1375 iu)
1346 1282 1385 1352 ad
1408 1285 1508 1354 infor·

332 1396 487 1465 mandam
514 1398 681 1486 praesentis
704 1416 762 1464 aut
782 1399 940 1487 participii
964 1399 1099 1487 stirpem
1120 1417 1312 1489 usurpatur:
1335 1399 1389 1470 Cf.
1414 1401 1505 1471 mhd.

331 1513 457 1579 louwen
486 1537 519 1602 p.
550 1535 583 1601 p.
610 1511 779 1600 gebouwen
789 1535 804 1592 ;
828 1512 919 1580 mhd.
945 1527 1085 1581 trouwen
1108 1527 1248 1594 lrowen,·
1270 1515 1345 1583 nhd.
1373 1539 1506 1585 nouwan
1563 1501 1566 1510 ¹

330 1626 423 1696 mhd.
450 1651 483 1716 p.
512 1651 544 1716 p.
570 1650 740 1714 genouwen
763 1651 910 1713 genawen
941 1651 1091 1714 geneum
1121 1631 1212 1698 mhd.
1241 1630 1388 1712 hiumam
1411 1633 1503 1700 mhd.

329 1747 487 1823 triarnum
507 1743 583 1812 ahd.
611 1764 748 1810 nouwnn
774 1740 865 1810 mhd.
892 1746 1019 1811 niuwen
1041 1767 1281 1836 nonnunquam
1305 1766 1342 1815 ut
1369 1749 1505 1816 verbum

327 1861 471 1931 validum
486 1859 636 1928 secundae
650 1859 757 1928 classis
772 1860 934 1928 flectitur:
953 1885 986 1949 p.
999 1885 1061 1929 nou
1076 1861 1121 1951 pl.
1135 1885 1247 1929 nowen
1262 1888 1295 1952 p.
1307 1888 1340 1953 p.
1352 1887 1504 1950 genawen

325 2003 471 2068 genewen
485 1994 609 2067 genem.
629 1979 721 2061 Quas
737 1977 859 2046 formas
873 1980 928 2046 vix
942 1979 1056 2047 dubito
1074 1982 1152 2071 quin
1172 1982 1324 2067 genuinae
1343 2005 1379 2049 ac
1400 1982 1503 2071 legiti-

326 2118 403 2179 mae,
420 2093 474 2162 sed
494 2093 652 2195 analogiae
666 2091 738 2180 lege
755 2113 836 2160 ortae
850 2094 929 2177 sint,
945 2115 983 2161 ut
999 2115 1078 2161 mox
1096 2097 1281 2164 ostendam.
1303 2136 1348 2146 -
1362 2097 1503 2166 Servatae

326 2231 404 2280 sunt
419 2210 559 2300 denique
573 2231 682 2299 paucae
695 2207 811 2277 formae
824 2209 1006 2278 secundum
1016 2208 1157 2278 validam
1169 2214 1436 2301 conjugationem
1453 2216 1502 2283 in-

324 2326 486 2410 formatae,
503 2325 671 2394 videlicet:
689 2324 765 2392 ahd.
784 2348 817 2413 p.
834 2325 878 2413 pl.
897 2325 1027 2408 liruun,
1043 2347 1115 2416 opt.
1138 2328 1282 2396 birurmis
1295 2328 1444 2421 (otfrid)
1462 2331 1502 2399 de

326 2443 444 2533 quibus
455 2443 528 2510 vide
538 2440 634 2526 infra,
646 2465 679 2530 p.
694 2444 737 2510 80
747 2448 819 2532 sqq.
825 2466 834 2523 ;
851 2459 883 2509 et
898 2463 930 2530 p.
943 2466 976 2530 p.
990 2441 1082 2510 mhd.
1098 2442 1246 2529 gebawen
1257 2443 1332 2511 alid.
1347 2448 1501 2533 ginuwan

320 2563 445 2648 ginnan
460 2582 582 2647 genuen
600 2556 692 2625 mhd.
711 2580 883 2640 gcnovwen
898 2575 961 2626 cet.

365 2674 397 2765 c)
422 2675 581 2742 Saxonica
602 2671 715 2759 lingua
739 2672 931 2759 paucissima
955 2670 1052 2738 verba
1075 2674 1215 2739 servavit
1238 2695 1311 2763 quae
1334 2676 1500 2763 praesentis

321 2792 455 2879 stirpem
472 2811 530 2879 per
542 2786 690 2856 vocalem
705 2800 723 2852 ῡ
736 2786 1011 2869 informaverunt,
1027 2785 1197 2855 videlicet:

368 2926 397 2977 r,
416 2905 469 2971 Pr.
488 2903 608 2991 hropan
624 2914 747 2990 ruopan
763 2925 780 2964 α
797 2898 938 2967 clamare
955 2925 985 2981 »,
1007 2899 1129 2988 *flrkan
1147 2929 1164 2966 <r
1182 2901 1402 2971 maledicerer
1424 2905 1498 2995 (an-

314 3018 478 3108 flnkanna.
497 3017 598 3087 Conf.
616 3017 686 3107 39),
699 3029 829 3102 swngan
846 3034 1046 3105 «strepere»
1065 3017 1110 3083 H.
1128 3019 1224 3103 5796,
1235 3042 1268 3106 p.
1281 3018 1498 3108 p.sar·floltan

319 3137 364 3203 H.
382 3155 470 3222 4422
489 3132 758 3200 «maledictus».

362 3252 401 3317 P.
418 3249 508 3336 hriop
521 3248 614 3336 hreop
630 3245 761 3336 (Cott.)
775 3248 840 3333 riep
854 3244 959 3334 (ps).

362 3386 395 3433 2.
419 3363 551 3430 *bloian
574 3388 590 3426 u
606 3361 722 3428 florere
738 3385 755 3424 i>
786 3381 800 3448 3
826 3383 852 3428 s.
872 3359 1096 3451 bloiat(Cott.
1122 3360 1220 3451 blunt)
1239 3363 1284 3429 H.
1305 3383 1393 3451 4342
1410 3387 1442 3452 p.
1460 3388 1493 3453 p.

315 3478 442 3569 gebloid
457 3480 502 3546 H.
524 3479 620 3566 1676.

363 3617 395 3684 3.
413 3595 496 3663 brian
518 3621 535 3658 u
553 3593 710 3676 habitare,
734 3591 854 3675 colere,
879 3594 1030 3660 versari»
1058 3591 1172 3681 (Cott.
1197 3591 1295 3682 brion)
1318 3618 1350 3683 p.
1378 3592 1492 3677 buitim

315 3724 408 3780 naon
422 3712 567 3798 gi-rrnnn
581 3710 794 3795 gi-trnninnn
813 3706 990 3788 confidere,
1008 3706 1138 3774 credere
1154 3732 1185 3771 n.

359 3825 789 3918 d)1.InScandinavorum
805 3825 915 3913 lingua
931 3847 1036 3891 unum
1053 3842 1182 3891 tantum
1197 3844 1344 3912 superest
1357 3824 1494 3894 verbum

313 3945 406 4032 cujus
431 3942 599 4033 praesentis
623 3942 719 4030 stirps
743 3941 777 4006 in
800 3961 982 4008 consonam
1003 3939 1108 4006 vocali
1129 3952 1147 4007 ῦ
1166 3939 1346 4026 subjectam
1364 3940 1493 4025 desinit,

311 4059 460 4127 videlicet
474 4082 543 4125 wn.
561 4056 642 4123 lldta
657 4080 690 4144 p.
713 4056 773 4122 lllt
790 4054 880 4143 qnod
900 4075 1143 4144 nonnunquam
1162 4055 1202 4122 ad
1220 4054 1360 4123 debilem
1381 4060 1494 4146 conju·

285 4187 291 4200 '
310 4178 480 4264 gationem
494 4173 633 4242 transiit.
650 4171 860 4261 Adjectivum
869 4169 997 4260 fldlrerm
1015 4168 1226 4259 «perplexus,
1238 4169 1392 4238 confusus
1403 4196 1419 4234 n
1432 4195 1491 4260 pro
1535 4205 1540 4216 ·

312 4291 480 4380 participio
496 4287 649 4377 praereriti
663 4310 683 4354 a
696 4286 796 4353 verbo
812 4283 911 4374 *fldlaa
924 4284 1104 4353 informato
1122 4283 1270 4352 habetur.

356 4425 389 4473 2.
408 4404 498 4470 Inter
514 4400 613 4468 verba
627 4423 707 4487 pura
722 4420 755 4467 et
770 4421 827 4488 per
840 4413 905 4466 ow·
918 4397 1100 4466 desinentia
1111 4396 1276 4466 distinctio
1288 4397 1373 4465 nulla
1383 4420 1492 4486 super·

310 4539 372 4604 est,
389 4520 451 4586 nisi
475 4516 566 4607 quod
588 4529 637 4582 ow
656 4535 732 4583 ante
751 4513 898 4583 vocalem
919 4537 976 4603 per
999 4528 1021 4580 ιῖ
1043 4533 1101 4581 aut
1127 4527 1146 4580 ῡ
1166 4512 1358 4593 declaratur,
1380 4512 1491 4580 dumo

310 4639 409 4705 etiam
423 4655 500 4702 ante
514 4630 664 4700 vocalem
681 4633 810 4719 integra
824 4649 948 4698 manet.

354 4753 409 4821 Pr.
432 4775 501 4818 wn.
527 4749 588 4817 bria
614 4773 630 4812 r<
650 4745 806 4831 habitare,
826 4747 946 4828 colere,
964 4746 1084 4812 versari
1102 4769 1119 4807 n
1144 4744 1217 4834 (on.
1243 4741 1318 4832 boa)
1334 4740 1401 4809 ind.
1423 4743 1491 4831 1le

308 4868 353 4958 pl.
374 4868 446 4936 brim
460 4867 556 4935 belum
567 4888 582 4946 ;
603 4889 634 4955 p.
651 4889 683 4953 p.
702 4862 803 4931 brienn
826 4860 923 4929 bdcrtn
942 4859 1019 4950 (on.
1045 4859 1119 4926 boen
1135 4858 1181 4947 pl.
1199 4857 1291 4925 boner
1312 4856 1374 4944 adj.
1404 4883 1420 4921 r<
1436 4881 1490 4946 pa·

311 5004 400 5053 ratus
418 4983 464 5073 n).
