3768 5742
836 931 1061 1015 ..55-

404 1093 438 1158 4.
456 1073 573 1141 Evenit
587 1076 687 1141 etiam
709 1091 748 1142 ut
767 1071 889 1140 vocalis
908 1072 1023 1139 radicis
1046 1093 1115 1138 non
1136 1071 1276 1138 omnino
1296 1090 1464 1140 evanescat
1482 1070 1540 1140 sed

361 1188 529 1257 minuatur
542 1208 685 1274 tantum,
697 1191 741 1256 ita
754 1209 792 1257 ut
804 1211 880 1256 cum
890 1187 1102 1278 sequentibus
1114 1187 1371 1255 consonantibus
1385 1186 1536 1255 indoeur.

359 1303 383 1388 i,
402 1327 436 1389 p,
452 1327 495 1386 m,
515 1329 547 1387 n,
564 1329 592 1386 r,
609 1303 815 1388 lcoalescat3
838 1302 916 1371 inde
935 1322 1091 1371 sonantes
1109 1302 1260 1370 indoeur.
1279 1315 1301 1385 ῖ,
1320 1317 1353 1383 a,
1371 1312 1419 1391 τῇ,
1437 1313 1472 1390 12,
1488 1295 1542 1392 Η

361 1437 435 1485 ante
455 1438 707 1502 consonantem,
729 1438 762 1488 et
783 1421 820 1504 ii,
838 1442 993 1506 up‚1pm‚
1011 1441 1068 1504 pn,
1090 1441 1135 1504 pr,
1159 1417 1183 1502 ll
1197 1437 1274 1485 ante
1293 1418 1439 1485 vocalem
1460 1439 1541 1488 ortae

361 1551 448 1603 sunt.
461 1536 572 1617 Quem
581 1535 721 1625 gradum
730 1535 886 1603 leviorem
898 1534 913 1602 Ι
923 1533 1087 1625 (Osthoff
1093 1559 1100 1600 :
1115 1534 1314 1623 nebentonige
1328 1534 1497 1627 Ticsstufe)
1506 1537 1540 1603 in

361 1651 554 1734 germanicis
568 1650 710 1718 dialectis
725 1649 893 1718 interdum
912 1651 1078 1740 praesentis
1096 1651 1193 1739 stirps
1206 1649 1266 1739 (cf.
1286 1672 1390 1737 germ.
1411 1651 1542 1720 *hi-leba

364 1787 520 1832 «maneo
541 1792 573 1848 n,
598 1766 686 1834 *lello
712 1764 858 1856 «pando
887 1793 923 1849 n,
946 1788 1024 1832 cum
1045 1764 1203 1833 radicibus
1228 1787 1398 1854 praegerm.
1424 1767 1487 1855 lcip
1510 1786 1543 1834 et

362 1879 465 1971 lepg),
486 1903 726 1973 nonnunquam
748 1884 847 1949 etiam
867 1883 1021 1970 praeteriti
1042 1880 1171 1968 pluralis
1191 1900 1248 1948 aut
1269 1881 1425 1970 participii
1446 1883 1543 1971 stirps

362 1994 490 2064 exhibet
503 1995 561 2086 (ci.
578 2020 611 2086 p.
628 2021 661 2087 p.
680 2003 786 2086 germ'.
803 1997 969 2077 *barenas
993 1997 1177 2076 *nutrimus
1195 2019 1234 2062 ex
1253 2017 1422 2085 praegerm.
1438 1997 1542 2082 *bhgr-

362 2112 696 2200 onos,*nrpm-onosn
718 2112 948 2202 prehensus»,
975 2134 1053 2180 cum
1077 2111 1235 2179 radicibus
1261 2112 1324 2192 ber,
1356 2111 1454 2202 nent).
1482 2113 1544 2180 Se-

363 2246 484 2316 quente
499 2227 604 2296 labiali
617 2248 674 2297 aut
689 2227 810 2296 dentali
823 2248 881 2296 aut
895 2228 1053 2316 gutturali
1070 2250 1229 2313 consona,
1254 2227 1373 2295 vocalis
1391 2251 1407 2294 e
1431 2228 1544 2297 radicis

363 2342 488 2410 etiamsi
498 2366 650 2413 accentus
661 2366 774 2433 expers
784 2347 857 2430 erit,
870 2346 905 2412 in
913 2344 1109 2433 germanicis
1119 2343 1239 2428 linguis
1249 2343 1374 2432 integra
1383 2344 1542 2412 manebit.

363 2455 437 2546 (Cf.
453 2481 485 2547 p.
503 2483 535 2548 p.
553 2460 706 2550 *gabands
718 2482 794 2527 cum
810 2482 904 2548 ptaes.
922 2459 1046 2547 *gebat
1066 2457 1109 2525 do
1128 2457 1174 2547 u).

949 2784 963 2852 Ι

408 3003 514 3073 Verba
539 3003 719 3095 dequibus
743 3006 889 3093 superius
914 3003 1126 3073 disseruimus
1147 3003 1296 3072 vocalem
1320 3028 1336 3071 e
1359 3027 1419 3094 pro
1443 3007 1544 3094 gradu

363 3121 512 3206 graviore
527 3121 541 3187 l
556 3119 675 3188 vocalis
690 3119 803 3187 radicis
819 3140 991 3208 usurpant.
1014 3119 1065 3186 Ab
1085 3119 1134 3186 his
1154 3118 1259 3186 verbis
1279 3119 1373 3208 plane
1391 3119 1546 3189 differunt

366 3256 403 3300 ea
425 3255 568 3323 quorum
589 3233 709 3320 gradus
730 3236 861 3321 gravior
885 3235 899 3303 l
924 3233 1069 3302 vocalia
1090 3253 1232 3318 constat,
1257 3233 1425 3302 videlicet:
1450 3237 1546 3304 verba

365 3348 602 3438 reduplicatum
623 3351 826 3439 ptaeteritum
850 3349 1037 3419 adhibentia
1061 3373 1135 3439 quae
1162 3351 1196 3416 in
1225 3351 1324 3439 stirpe
1349 3350 1498 3418 vocalem
1525 3373 1546 3419 a

365 3465 507 3532 mediam
523 3484 679 3555 sequente
701 3465 880 3532 biconsona
900 3464 929 3556 (l
946 3481 985 3541 ÷
1002 3490 1034 3545 x,
1051 3490 1072 3532 n
1090 3481 1130 3542 4-
1146 3489 1178 3546 x,
1196 3467 1208 3550 i
1225 3481 1264 3542 -l-
1278 3490 1311 3546 x,
1330 3490 1350 3551 p
1369 3465 1451 3557 -t-x)
1466 3490 1546 3556 prae·

365 3579 457 3662 bent,
468 3599 501 3647 et
515 3581 611 3648 verba
624 3579 728 3648 valida
736 3600 835 3648 sexrae
847 3579 956 3647 classis
967 3603 1041 3670 quae
1047 3602 1105 3669 per
1114 3580 1335 3669 apoplroniam
1345 3583 1544 3670 praeteritum

271 3729 276 3738 ·
365 3694 544 3763 informant
557 3714 589 3762 et
603 3718 747 3786 quorum
762 3694 851 3762 radix
865 3714 921 3762 aut
934 3697 969 3762 in
984 3696 1007 3777 l,
1027 3721 1059 3777 n,
1077 3720 1094 3762 r
1107 3695 1214 3786 (velut
1228 3696 1262 3762 in
1277 3697 1344 3764 *an
1358 3697 1542 3778 «nutrio»,

365 3828 421 3876 aut
433 3810 510 3878 *ano
527 3837 543 3874 v
556 3813 643 3900 spiro
661 3810 710 3900 u),
726 3830 781 3877 aut
796 3811 830 3877 in
844 3808 941 3876 aliam
956 3832 1139 3878 consonam
1148 3808 1257 3900 (velut
1269 3812 1304 3878 in
1318 3810 1392 3878 *ako
1407 3837 1424 3874 n
1435 3834 1498 3901 ago
1511 3837 1543 3893 n,

365 3942 421 3992 aut
434 3925 521 3993 *salto
539 3951 554 3988 <r
572 3924 693 3993 dimico
711 3925 747 4014 u)
760 3925 891 3993 desinit.

1178 4064 1273 4107 ctum.

472 4311 498 4352 a.
514 4295 619 4350 Gradus
631 4298 741 4368 gravior
768 4298 810 4352 l.
839 4341 882 4354 ..
959 4311 976 4349 a
1052 4263 1111 4348 al¹
1155 4293 1200 4348 alx
1271 4297 1317 4349 aix
1387 4313 1441 4350 aux

473 4383 498 4440 b.
612 4414 647 4423 —
754 4384 973 4440 11...o
1050 4383 1076 4436 ol
1155 4382 1441 4437 alxaixuux

477 4489 499 4529 c.
516 4471 622 4526 Gradus
641 4461 729 4526 levio'r
769 4473 810 4529 1.
840 4515 884 4531 ..
961 4487 977 4524 a
1050 4469 1079 4523 ul
1156 4469 1201 4523 alx
1285 4474 1312 4524 ix
1397 4478 1432 4524 suc

473 4559 499 4616 d.
609 4589 644 4599 -
756 4559 884 4617 ll...
962 4587 975 4600 ·
1063 4557 1073 4610 l
1157 4557 1202 4612 uix
1284 4560 1312 4613 ix
1397 4577 1433 4613 ux

411 4759 450 4851 a)
463 4759 612 4828 Gradum
625 4761 810 4850 graviorem
826 4760 841 4826 I
855 4782 961 4849 germ.
987 4783 1008 4826 a
1030 4760 1220 4850 (praegerm.
1237 4759 1275 4850 α)
1294 4783 1369 4828 cum
1384 4763 1550 4849 praesentis

368 4875 465 4964 stirps
488 4876 664 4944 verborum
686 4873 786 4956 balzo,
812 4875 891 4956 *ald
916 4876 1025 4965 *fallio
1052 4901 1069 4939 «
1091 4874 1176 4964 plico
1197 4900 1232 4956 u,
1257 4874 1358 4943 *hailo
1382 4898 1500 4944 «voco
1516 4902 1549 4958 u,

367 4988 484 5056 *statuto
499 5015 516 5052 u
534 4988 638 5058 tundo
655 5017 688 5071 u,
704 5009 776 5057 tum
790 4988 952 5078 permulta
963 4988 1151 5057 vocabulae
1160 4990 1327 5078 praesentis
1340 4990 1439 5080 stirpe
1450 4988 1551 5059 infor-

476 5128 513 5168 οε
531 5128 637 5168 vnnnrs.
1430 5131 1442 5183 5
