3768 5742
765 941 809 954 ...
855 905 896 972 38
942 941 988 953 -

285 1071 302 1108 «
318 1047 425 1113 tenuit
441 1072 473 1133 n,
486 1069 533 1113 as.
550 1045 631 1127 held,
648 1069 717 1114 wn.
733 1046 794 1113 helt
807 1045 947 1137 (aschnr.
963 1044 1063 1137 haett),
1080 1045 1140 1115 afr.
1156 1043 1233 1128 tlt,
1251 1068 1325 1136 quae
1340 1047 1465 1114 cumin

284 1159 563 1230 Scandinavorum
579 1160 702 1250 lingua,
715 1179 787 1228 tuna
801 1162 837 1228 in
853 1160 991 1228 diutisca
1005 1180 1038 1231 et
1049 1162 1202 1230 saxonica
1211 1160 1359 1229 vocalem
1376 1162 1466 1250 epri-

283 1277 382 1344 mitus
396 1276 527 1344 brevem
537 1278 571 1344 in
582 1278 682 1366 stirpe
691 1275 853 1360 exhibere,
865 1277 900 1343 in
916 1277 1023 1366 primo
1034 1279 1138 1366 capite
1148 1276 1461 1346 demonstravimus.

281 1391 320 1458 In
331 1391 603 1481 Anglosaxonum
613 1392 724 1480 lingua
733 1395 934 1483 praeteritum
946 1394 1140 1486 plerumque
1150 1418 1207 1485 per
1216 1393 1463 1484 diphthongum

280 1511 316 1575 ed
333 1507 404 1598 (cui
418 1511 601 1594 germanica
619 1534 659 1578 eu
684 1509 876 1600 respondet)
900 1509 1109 1596 informatur,
1132 1531 1257 1579 servata
1279 1509 1387 1578 vocali
1400 1512 1419 1577 ἕ
1429 1511 1464 1576 in

280 1623 384 1692 verbis
395 1626 477 1715 jeng
493 1627 605 1717 «cepit
619 1652 635 1690 a
654 1646 686 1694 et
704 1627 784 1716 hang
800 1626 1042 1717 «suspendit».
1057 1629 1135 1711 Qua
1150 1629 1221 1717 lege
1235 1650 1274 1695 ex
1289 1625 1461 1709 *he-halde‚

279 1740 455 1830 *fe-sange,
476 1761 547 1809 orta
560 1742 626 1809 sint
640 1740 712 1809 held
722 1742 815 1831 fang,
834 1765 922 1810 nunc
938 1744 1159 1832 exquiramus.

324 1855 361 1947 a)
375 1855 522 1926 Verbum
540 1858 656 1947 *sanho
678 1885 694 1922 a
719 1860 810 1948 capio
827 1885 844 1922 »
869 1883 946 1927 cum
971 1859 1077 1928 radice
1096 1861 1282 1949 germanica
1295 1857 1353 1948 seh
1377 1856 1464 1949 haud

279 1993 369 2039 secus
384 1995 421 2040 ac
434 1995 510 2040 cum
532 1971 638 2041 radice
658 1973 891 2063 indoeuropaea
908 1975 974 2065 pulc
990 1987 1058 2065 pag
1081 1995 1261 2064 cognatum
1280 1998 1350 2043 esse
1369 1996 1464 2064 supra

279 2088 497 2157 ostendimus.
516 2089 621 2180 Cujus
635 2092 736 2180 igitur
756 2088 870 2158 radicis
890 2090 996 2158 forma
1016 2095 1160 2180 genuina
1170 2091 1262 2180 peak,
1280 2103 1375 2179 prag,
1394 2112 1463 2157 esse

278 2203 418 2288 videtur,
430 2228 469 2273 ex
483 2229 547 2296 qua
561 2203 664 2272 modo
676 2219 746 2295 pag
756 2205 812 2297 (ut
825 2208 860 2274 in
874 2205 931 2274 lat.
947 2220 1121 2296 compages,
1135 2219 1213 2296 prix,
1230 2228 1282 2295 gr.
1301 2204 1461 2295 πέπᾶγα),

281 2318 382 2388 modo
392 2333 456 2411 peg
467 2322 524 2409 pel
537 2321 593 2413 (ut
606 2323 641 2388 in
652 2344 702 2410 gt.
719 2327 871 2416 req'ptupt,
885 2341 958 2410 got.
971 2323 1164 2413 ga-fc‘haba,
1181 2345 1234 2390 an.
1249 2321 1370 2412 faegja)
1386 2321 1465 2388 oriri

279 2436 398 2526 potuit.
416 2434 567 2503 Aradice
586 2436 738 2505 indoeut.
759 2438 893 2527 path:
901 2460 1006 2526 germ.
1022 2437 1093 2527 seh,
1116 2458 1148 2506 et
1172 2459 1314 2527 praesens
1334 2435 1466 2526 *fab-nd

280 2549 368 2617 unde
382 2550 497 2638 *fando
511 2549 570 2642 (cf.
582 2551 671 2619 *talto
688 2577 704 2615 a
721 2550 958 2641 apprehendo»
975 2574 992 2619 a
1007 2552 1113 2620 radice
1127 2552 1204 2643 tela),
1216 2571 1248 2620 et
1263 2552 1465 2642 praeteritum
1552 2640 1556 2648 Ι

279 2666 346 2733 sive
360 2667 401 2732 sit
418 2666 556 2755 *fc-fohe
577 2664 637 2757 (ci
663 2668 759 2735 *Ιῑῖῦε
782 2667 930 2757 *Ιε-Ιᾷιι),
950 2669 1019 2735 sive
1032 2667 1168 2756 *st-fehe
1187 2666 1246 2759 (cf.
1263 2667 1383 2756 *clepus
1405 2666 1465 2735 *se-

280 2782 389 2872 ςὶῑρι),
401 2781 545 2850 derivare
560 2783 661 2851 licuit.
677 2783 769 2866 Quid
780 2782 819 2851 de
829 2783 928 2852 altera
941 2783 1049 2851 forma
1058 2784 1139 2875 (*fe-
1137 2783 1228 2875 fehe)
1238 2783 1272 2850 in
1287 2783 1466 2870 germanici

281 2898 442 2965 sermonis
465 2897 603 2966 decursu
625 2900 667 2966 sit
691 2919 887 2967 eventurum
909 2922 998 2967 nunc
1016 2901 1237 2989 exquiramus.
1260 2898 1466 2966 Praeteritum

280 3014 415 3102 *fe-fehe
427 3014 488 3104 (pl.
503 3014 719 3104 *fe-fihrtme;
734 3014 824 3106 quod
838 3015 996 3104 analogiae
1010 3016 1081 3104 lege
1095 3039 1134 3082 ex
1149 3014 1343 3103 *fe-sabama
1353 3033 1465 3081 ortum

282 3129 348 3220 est)
362 3130 413 3196 cui
428 3127 608 3219 perlectum
623 3130 761 3198 latinum
772 3143 858 3220 pegi,
875 3131 965 3222 quod
976 3130 1126 3199 eamdem
1136 3128 1284 3198 vocalem
1295 3142 1312 3197 ῑ
1321 3127 1465 3212 exhibet,

283 3244 479 3334 respondere
494 3245 635 3330 videtur,
652 3246 836 3336 analogiam
849 3248 1018 3335 praesentis
1031 3266 1183 3315 secutum
1198 3265 1260 3328 est,
1275 3244 1467 3334 interposita

283 3383 430 3428 consona
449 3386 470 3430 n
489 3363 576 3429 inter
598 3376 614 3429 ἑ
633 3381 666 3429 et
689 3362 721 3430 h.
750 3363 842 3430 Tum
856 3385 896 3429 ex
914 3361 1030 3431 formis
1050 3362 1221 3452 *se-fdnhe,
1239 3361 1464 3451 *fe-finhuml,

283 3497 431 3565 correpta
445 3477 550 3544 vocali
571 3491 679 3545 cante
701 3478 917 3546 biconsonam
941 3497 973 3546 et
997 3498 1125 3546 mutata
1144 3477 1164 3543 h
1183 3479 1223 3544 in·
1241 3502 1266 3566 g
1286 3474 1467 3543 secundum

284 3594 429 3682 regulam
444 3585 694 3675 Vernerianani,
710 3593 834 3662 facturn
850 3612 898 3661 est
913 3593 1101 3685 *fefe(n)he,
1117 3593 1348 3682 *fc-fengume,
1366 3590 1466 3674 unde,

284 3709 441 3796 analogiae
454 3708 539 3796 lege,
556 3708 749 3800 *(fe·)feng,
768 3709 1016 3800 *(se·)fengum.
1039 3709 1168 3777 Eodem
1191 3728 1342 3797 tempore
1355 3730 1373 3775 a
1387 3729 1468 3796 prae-

284 3843 376 3892 sente
388 3823 539 3914 *fa(n)ho
548 3823 749 3893 declinatum
765 3846 826 3908 est,
843 3827 927 3893 sicut
941 3848 960 3892 a
976 3826 1090 3893 ceteris
1108 3823 1214 3891 verbis
1228 3845 1373 3914 quorum
1389 3845 1469 3912 prae·

284 3942 384 4008 sentis
399 3941 494 4029 stirps
506 3942 541 4008 in
550 3961 571 4007 a
581 3955 620 4016 ÷
630 3941 664 4007 lx
675 3961 732 4009 aut
742 3963 764 4008 a
775 3955 814 4015 -ί-
823 3964 868 4008 nx
877 3940 1009 4022 desinit,
1018 3938 1255 4029 reduplicatum
1266 3939 1468 4028 praeteritum

218 4138 227 4154 ·
283 4056 458 4146 *fe-fanda,
481 4055 620 4145 *se-fahe
640 4055 698 4145 (cf.
724 4080 741 4123 a
763 4076 921 4145 praesente
942 4056 1053 4124 *holda
1074 4076 1204 4124 «teneo
1224 4080 1242 4118 a
1263 4061 1469 4143 praeteritum

285 4169 470 4261 *he-balde).
488 4170 561 4237 Ex*
559 4171 608 4260 fe·
608 4171 687 4259 fahe
701 4173 903 4260 praeteritum
916 4191 988 4260 got.
997 4170 1124 4260 faifah,
1139 4170 1292 4259 ex‘feng,
1303 4168 1466 4257 *fragm

285 4285 407 4354 formas
421 4284 496 4355 abd.
519 4309 565 4355 as.
587 4309 655 4375 ags.
678 4287 736 4354 afr.
750 4286 843 4376 sang,
860 4311 928 4354 wn.
945 4287 1020 4376 sekir
1034 4287 1109 4377 (on.
1124 4285 1203 4376 fala,
1219 4284 1279 4374 fik)
1293 4283 1338 4374 pl.
1353 4284 1466 4374 sango,

279 4401 372 4492 fingo
382 4401 429 4491 (¹)
442 4420 530 4469 ortas
544 4425 612 4470 esse
632 4404 797 4470 existimo.
815 4402 950 4471 *Hanho
967 4428 984 4466 <r
1001 4400 1131 4490 pendeo
1148 4427 1164 4465 n
1180 4401 1365 4489 analogiam
1380 4401 1469 4467 verbi

285 4518 402 4607 *sartho
415 4536 564 4585 secutum
580 4541 648 4584 esse
663 4517 804 4586 videtur.

285 4657 496 4667 --.---

324 4745 348 4786 1.
369 4729 469 4784 Utrum
488 4727 614 4784 vocalem
633 4747 646 4782 ι
664 4731 692 4782 in
713 4731 724 4783 ἰ
741 4731 801 4800 (on.
817 4729 856 4799 fik
875 4728 913 4801 pl.
930 4727 1019 4800 fingo)
1036 4731 1094 4800 jam
1113 4728 1270 4799 gennanica
1292 4727 1388 4798 lingua
1407 4739 1471 4781 ante

287 4818 464 4872 biconsonam
479 4831 561 4874 ηψπ
573 4816 621 4888 (cf.
632 4817 722 4871 *liudo
736 4835 769 4871 ex
782 4816 908 4870 ‘thendht
924 4837 938 4868 a
949 4818 1041 4871 vincio
1052 4837 1079 4884 n,
1091 4833 1118 4872 v.
1131 4817 1301 4885 Bmgmmn,
1315 4813 1468 4878 Grundriss,

285 4906 397 4978 1‚§67,
417 4908 444 4976 1)
459 4909 612 4972 mutaverit,
629 4923 664 4960 an
679 4910 707 4959 in
727 4906 963 4960 Scaudinavorum
983 4917 1090 4959 tantum
1110 4904 1206 4974 lingua
1224 4919 1288 4958 curn
1308 4920 1340 4957 ex
1351 4901 1471 4974 fungente

286 4995 382 5052 formae
391 4997 517 5069 sengenn,
528 4997 645 5070 fingens,
662 5011 722 5053 tum
736 5015 769 5052 ex
779 4997 911 5070 fengdm)
926 4997 1017 5052 forma
1030 4995 1156 5068 fingam)
1174 4997 1245 5051 facta
1263 4995 1346 5050 fuerit
1365 4996 1468 5052 nescio.
