3768 5742
513 1564 657 1632 INDEX
684 1565 1081 1635 DECURTATORUM
1107 1566 1471 1636 VOCABULORUM

438 2269 522 2335 Sum
545 2268 701 2336 vocabula
729 2270 876 2359 quaedam
908 2267 1025 2358 quibus
1055 2269 1175 2335 iterum
1204 2290 1239 2334 ac
1268 2269 1383 2355 saepius
1407 2269 1454 2335 uti
1476 2267 1570 2335 nobis

393 2405 523 2450 necesse
551 2382 623 2451 fuit.
655 2385 754 2466 Quae,
784 2404 962 2473 utcumque
993 2384 1214 2472 apparuerint,
1249 2381 1351 2450 solida
1382 2400 1414 2449 et
1445 2383 1571 2471 integra

392 2498 584 2583 exscribere,
602 2500 675 2588 quia
691 2499 771 2567 nihil
788 2499 872 2567 aliud
888 2497 1045 2566 efficiebat
1066 2522 1165 2588 quam
1185 2497 1248 2565 hoc
1270 2498 1462 2586 opusculum
1487 2497 1569 2566 ultra

390 2616 495 2701 justos
510 2614 591 2682 fines
605 2617 675 2682 sine
690 2636 814 2706 quaestu
835 2616 971 2702 legentis
993 2614 1188 2697 extendisse,
1211 2613 1343 2683 illorum
1368 2634 1491 2704 partem
1513 2635 1569 2682 aut

390 2748 567 2796 extremam
588 2749 643 2798 aut
664 2730 818 2811 mediam,
838 2750 875 2798 ut
898 2752 972 2797 mos
996 2751 1145 2819 acceptus
1167 2749 1229 2814 est,
1252 2731 1458 2797 resecuimus.
1483 2727 1568 2797 Illud

388 2847 465 2913 satis
481 2847 686 2935 perspicuum
701 2870 709 2913 τ
727 2848 818 2932 cujus
831 2866 942 2913 antem
958 2844 1168 2913 detractionis
1183 2868 1259 2912 cum
1277 2847 1394 2912 latinus
1404 2866 1513 2912 sermo
1527 2847 1569 2912 sit

388 2960 547 3044 insolenS,
563 2959 741 3049 periculum
758 2982 823 3028 erat
840 2985 882 3029 ne
902 2963 1010 3027 minus
1032 2959 1224 3048 intelligeret
1250 2962 1449 3049 quicumque
1469 2960 1567 3047 leget,

388 3077 413 3140 si
429 3073 595 3144 decurtata
609 3076 660 3144 illa
675 3076 830 3144 vocabula
845 3099 863 3143 e
879 3079 983 3165 patrio
999 3099 1153 3143 sermone
1166 3076 1200 3142 in
1217 3075 1353 3143 latinum
1365 3095 1568 3144 convertere-

387 3213 474 3271 mus,
500 3190 697 3281 litterasque,
724 3215 797 3281 quae
820 3210 895 3280 post
921 3191 1147 3280 demptionem
1169 3190 1356 3280 superstites
1378 3189 1565 3271 manebant,

387 3305 484 3373 latina
500 3307 612 3394 lingua
628 3307 813 3395 singulatim
829 3330 1048 3375 exararemus.
1068 3307 1219 3395 Exempli
1232 3309 1347 3392 gratia,
1357 3305 1480 3374 litteras
1490 3306 1564 3373 aad.

386 3422 417 3486 in
434 3423 649 3508 grammatico
665 3444 763 3510 opere
777 3422 922 3511 quodam
938 3443 1080 3512 repertas
1096 3443 1195 3489 nemo
1212 3444 1281 3488 non
1297 3423 1465 3510 perspiciet
1486 3421 1563 3511 quid

385 3534 446 3601 sibi
470 3535 584 3618 velint,
611 3534 795 3602 dummodo
818 3558 859 3602 ne
884 3536 939 3618 sit,
966 3537 1021 3625 qui
1044 3535 1138 3625 legit,
1162 3534 1348 3603 studiorum
1373 3556 1563 3604 nostrorum

385 3652 525 3718 omnino
556 3651 746 3740 imperitns;
771 3649 969 3719 vocabulum
987 3671 1100 3719 autem
1120 3650 1398 3718 Ala-noch-oeutsch
1416 3653 1443 3717 si
1465 3651 1563 3718 latine

385 3764 511 3849 reddes,
528 3785 598 3833 tum
613 3788 669 3835 aut
684 3770 848 3854 integrum
864 3790 968 3857 usque
982 3767 1137 3849 servabis,
1155 3786 1225 3851 aut,
1245 3767 1270 3834 si
1282 3765 1475 3848 decurtabis‚
1491 3769 1562 3857 quis

384 3881 444 3947 erit
469 3882 525 3971 qui
548 3904 680 3949 sensum
699 3884 740 3950 sit
762 3881 1009 3950 intellecturus?
1035 3883 1148 3964 Quare
1170 3904 1232 3949 nos
1254 3881 1359 3962 liceat,
1375 3882 1562 3971 germanico

383 3998 528 4064 sermoni
544 4018 676 4085 operam
691 3996 817 4078 dantes,
835 3998 963 4079 eadem,
980 4022 1043 4088 qua
1056 4000 1262 4087 germanicus
1277 4019 1400 4082 sermo,
1420 3998 1561 4066 vocabu·

382 4111 490 4179 lorum
507 4114 684 4180 arctatione
701 4115 761 4195 uti,
779 4133 811 4181 et
825 4115 1016 4181 summatim
1032 4113 1219 4199 linguarum
1234 4136 1356 4180 nomen
1369 4135 1447 4203 quas
1457 4136 1561 4181 enun-

381 4227 483 4294 tiandi
499 4228 590 4296 locus
604 4230 677 4311 erit,
690 4230 876 4318 germanice
890 4231 1073 4298 enuntiare.

381 4438 471 4510 abulg.
649 4440 843 4512 altbulgarisch
857 4441 1042 4514 (bulgaricum
1057 4444 1154 4510 vetus).

381 4529 458 4585 adan.
648 4529 807 4585 altdinisch.

379 4618 469 4688 aengl.
648 4617 817 4688 altenglisch.

378 4705 426 4761 afr.
649 4705 817 4764 altfriesisch.

378 4812 435 4866 ogs.
647 4796 869 4868 angelsichsisch,

378 4897 471 4956 agutn.
646 4886 819 4956 altgutnisch.

377 4973 439 5029 ahd.
645 4974 877 5031 althochdeutsch.

485 5088 520 5126 DE
540 5087 646 5127 VERBIS.
