3768 5742
811 957 1034 1019 „24-

338 1076 501 1163 praesentis
526 1073 771 1158 demonstrant,
798 1075 901 1145 modo
925 1079 1163 1146 inconsonam
1187 1075 1384 1168 quamdam,
1409 1076 1512 1146 modo
1615 1118 1619 1124 -
1687 1087 1690 1092 “

340 1190 371 1256 in
386 1190 531 1258 vocalem
546 1193 648 1281 ipsam
663 1206 680 1260 ῑ
693 1192 821 1261 desinit.
839 1195 997 1277 Quorum
1014 1195 1189 1263 verborum
1204 1193 1257 1262 illa
1275 1193 1427 1271 validam,
1444 1193 1513 1262 haec

339 1303 476 1373 debilem
492 1305 698 1397 plerumque,
713 1308 989 1394 Anglosaxonum
1003 1307 1140 1377 dialecto
1150 1328 1295 1398 excepta,
1307 1309 1512 1397 conjugatio·

339 1442 414 1487 nem
430 1439 536 1488 secuta
551 1442 640 1491 sunt.

382 1535 419 1601 Β.
443 1536 647 1604 Praeteritum
670 1535 817 1605 dissimili
839 1538 891 1604 via
912 1557 944 1605 et
964 1539 1091 1606 ratione
1113 1539 1146 1604 in
1169 1538 1336 1607 Gototum
1357 1558 1511 1606 sermone

336 1672 400 1739 qua
424 1652 457 1718 in
483 1651 764 1720 Scandinavorum
795 1671 827 1720 et
857 1654 890 1719 in
919 1651 1061 1720 dialectis
1090 1652 1275 1720 Germaniae
1302 1651 1511 1721 occidentalis

337 1765 549 1835 informatum
565 1790 633 1835 esse
649 1766 866 1835 ostendimus.

380 1881 417 1972 a)
439 1883 568 1972 Nempe
592 1883 675 1950 Gori
697 1881 735 1949 ad
761 1880 1007 1949 informandum
1029 1880 1225 1962 validorum,
1247 1904 1321 1971 quae
1342 1858 1509 1964 dicuntur,

334 1997 509 2065 verborum
524 1998 739 2087 praeteritum,
756 2020 816 2065 nec
833 1998 943 2065 eadem
959 1995 1062 2064 vocali
1081 1998 1115 2064 in
1133 1996 1288 2083 singulari
1305 2019 1369 2086 qua
1388 1995 1422 2063 in
1439 1987 1512 2085 plu·

335 2109 391 2178 tali
412 2134 550 2178 numero
560 2110 620 2202 (¹),
642 2134 700 2179 nec
720 2109 833 2178 eadem
854 2109 958 2178 vocali
981 2112 1013 2178 in
1029 2113 1182 2201 praeteriti
1201 2134 1263 2201 qua
1286 2113 1321 2178 in
1344 2111 1512 2199 praesentis

335 2228 433 2316 stirpe
447 2230 495 2295 uti
505 2226 665 2295 solebant.
684 2228 724 2295 ln
739 2226 943 2316 reduplicatis
957 2249 1036 2295 vero
1050 2227 1230 2317 praeteritis,
1248 2229 1346 2316 stirps
1367 2229 1401 2294 in
1419 2246 1511 2294 utro·

334 2364 399 2432 que
414 2364 550 2410 numero
566 2341 715 2410 eamdem
729 2341 876 2410 vocalem
895 2340 1099 2410 demonstrat
1120 2365 1219 2432 quam
1236 2365 1391 2432 praesens,
1407 2343 1453 2411 ita
1474 2360 1513 2409 ut

334 2458 516 2548 apophonia
530 2460 563 2526 in
579 2459 669 2526 verbi
684 2457 900 2526 declinatione
915 2459 1054 2526 omnino
1069 2458 1198 2526 aboleta
1209 2456 1318 2526 fuerit.

378 2575 412 2666 b)
426 2574 465 2643 ln
480 2574 760 2644 Scandinavorum
774 2575 886 2662 lingna
900 2594 931 2642 et
945 2573 1089 2642 dialectis
1100 2575 1286 2643 Germaniae
1299 2573 1510 2644 occidentalis

335 2715 394 2760 nec
409 2693 605 2782 reduplicata
617 2691 739 2782 syllaba
752 2711 878 2759 servata
893 2711 954 2772 est,
971 2714 1079 2782 neque
1094 2692 1156 2761 ulla
1170 2690 1336 2759 distinctio
1351 2693 1437 2760 inter
1451 2714 1511 2759 vo·

341 2806 443 2875 talem
464 2808 634 2897 singularis
652 2827 683 2875 et
704 2807 833 2897 pluralis
858 2808 986 2874 numeri
1010 2807 1156 2890 interest,
1178 2807 1231 2874 sed
1248 2808 1402 2895 praeteriti
1416 2808 1512 2895 stirps

335 2946 403 2991 non
418 2926 481 3013 jam
496 2923 643 2992 eumdem
657 2922 805 2991 vocalem
820 2923 942 3013 praebet
956 2946 1054 3013 quam
1067 2925 1163 3013 stirps
1178 2925 1356 3014 praesentis.

378 3038 416 3129 α)
431 3038 582 3106 Vocalem
598 3051 616 3106 ἱ
629 3038 773 3127 praebent
788 3037 886 3105 verba
896 3038 1046 3106 secundae
1060 3057 1092 3105 et
1107 3041 1229 3129 quiutae
1244 3038 1350 3105 classis
1366 3060 1511 3118 necnon,

335 3155 368 3220 in
385 3154 662 3224 Scandinavorum
677 3154 802 3242 lingua,
817 3153 916 3221 verba
932 3173 1054 3244 quartae
1075 3154 1182 3222 classis
1203 3177 1346 3243 quorum
1366 3154 1457 3222 radix
1477 3153 1511 3221 iu

336 3292 515 3337 consonam
530 3269 660 3337 desinit.
1498 3249 1502 3257 ¹

380 3383 415 3475 β)
429 3383 585 3451 Vocalem
600 3383 721 3474 l(quae
742 3401 856 3472 postea
877 3383 910 3450 in
928 3381 1063 3450 diutisca
1084 3400 1116 3450 et
1132 3385 1285 3450 saxonica
1299 3381 1410 3470 lingua
1431 3405 1512 3471 por-

337 3518 421 3566 recta
436 3497 535 3589 fuit):
552 3499 649 3566 verba
663 3499 777 3587 primae
790 3498 899 3566 classis
915 3499 949 3564 in
966 3498 1120 3565 omnibus
1141 3495 1297 3582 dialectis,
1313 3497 1512 3585 anglosaxo-

336 3614 408 3682 nica
422 3633 564 3703 excepta.

379 3729 416 3821 γ)
431 3728 685 3819 Diphthongum
699 3750 760 3796 eu:
775 3727 872 3797 verba
888 3730 992 3797 tertiae
1007 3726 1134 3810 classis3
1152 3727 1250 3795 verba
1267 3747 1390 3816 quartae
1406 3726 1513 3796 classis

337 3867 478 3933 quorum
493 3844 583 3913 radix
597 3846 631 3912 in
647 3867 828 3912 consonam
846 3843 977 3925 desinit,
994 3844 1027 3910 in
1042 3842 1196 3910 omnibus
1217 3842 1360 3911 dialectis
1382 3863 1516 3935 excepta

337 3960 634 4047 Scandinavorum3
651 3960 750 4027 verba
763 3961 877 4049 ptimae
898 3959 1005 4026 classis
1027 3981 1157 4026 necnon
1172 3958 1270 4027 verba
1292 3982 1372 4049 pura
1392 3977 1515 4051 quartae

337 4095 370 4144 et
385 4079 508 4166 quintae
520 4079 555 4145 in
570 4075 844 4167 Anglosaxonum
860 4097 1025 4143 sermone.

336 4251 552 4272 -v-——--

376 4369 398 4408 1.
415 4353 446 4407 ln
460 4363 534 4406 sexta
542 4363 650 4405 tantum
659 4350 744 4405 classe
755 4351 920 4422 preteritum
930 4351 959 4405 in
969 4350 1101 4422 singulari
1114 4368 1231 4407 numero
1246 4353 1374 4408 eamdem
1388 4353 1514 4408 vocalem

337 4441 444 4496 exhibet
458 4454 538 4514 atque
554 4444 581 4495 iu
597 4439 703 4513 plurali.
721 4437 765 4498 Cf.
778 4439 862 4510 saraa
878 4458 893 4491 a
907 4439 970 4495 vehi
984 4459 1010 4507 a,
1027 4459 1053 4512 p.
1067 4439 1125 4510 jbr,
1140 4439 1177 4514 pl,
1188 4440 1290 4511 jbrum.
