3768 5742
399 1555 458 1623 DE
485 1554 787 1625 LITTERARUM
811 1553 943 1624 TYPIS
969 1551 1143 1637 QUIBUS
1169 1551 1241 1622 USI
1268 1549 1423 1621 SUMUS

364 2226 415 2294 Ad
431 2227 649 2317 expromenda
664 2245 719 2295 aut
732 2228 929 2312 sanseririca,
947 2246 1003 2295 aut
1018 2227 1203 2315 germanica
1216 2245 1249 2294 et
1264 2226 1496 2315 indoeuropaen

319 2344 496 2430 vocabula,⁴
504 2346 637 2414 eosdem
657 2366 752 2436 typos
769 2346 858 2436 prelo
878 2346 1076 2436 subjecimus
1095 2346 1211 2437 quibus
1230 2365 1285 2415 aut
1302 2348 1495 2436 Bergaigne·

320 2461 436 2548 Henry
455 2461 601 2548 (Manusl
615 2471 698 2548 pour
715 2459 834 2528 [tudier
852 2459 879 2527 le
899 2462 1032 2527 sanserit
1053 2460 1202 2551 vidique)
1224 2479 1281 2528 aut
1304 2459 1494 2549 Brugmann

317 2575 511 2666 (Grundriss
524 2577 557 2646 d.
573 2575 675 2666 vergi.
695 2575 838 2645 Gramm.
853 2576 887 2644 d.
905 2577 973 2666 idg.
985 2577 1156 2666 Spracben)
1169 2579 1219 2644 usi
1234 2597 1324 2645 sunt.
1336 2578 1496 2646 Animad-

316 2690 511 2758 vertendum
527 2709 701 2758 esttamen
717 2713 776 2758 nos
791 2692 824 2756 in
846 2691 1040 2759 sanseriticis
1061 2709 1093 2759 et
1114 2693 1308 2779 germanicis
1327 2693 1493 2761 vocabulis

316 2806 463 2874 vocalem
478 2807 612 2896 longam
626 2828 682 2895 per
696 2807 826 2896 signum
839 2828 858 2836 ·
873 2807 921 2897 (ᾶ,
941 2819 969 2888 ῑ,
987 2819 1010 2888 i,
1029 2807 1123 2896 cen),
1140 2806 1289 2874 vocalem
1309 2807 1444 2897 longam
1462 2827 1494 2876 et

316 2942 445 2991 acutam
455 2946 511 3014 per
522 2924 653 3010 signum
667 2947 677 2968 r
691 2922 740 3013 (d,
752 2927 779 3003 e,
793 2925 816 3003 ἰ,
828 2922 910 3012 cet.)
921 2923 1151 3009 designavisse.
1160 2923 1223 2990 Per
1232 2922 1319 2990 idem
1330 2924 1494 3012 signumg

316 3057 349 3104 et
362 3036 477 3105 velatis
493 3057 525 3104 et
540 3036 682 3124 palatalis
698 3059 843 3104 consona
853 3035 997 3121 effertur,
1010 3060 1086 3104 cum
1098 3036 1362 3106 distinctiointer
1371 3039 1493 3106 velares

316 3171 347 3218 et
363 3149 512 3239 palatales
526 3151 559 3216 in
575 3151 750 3236 germanici
769 3153 931 3218 sermonis
947 3151 1084 3217 historia
1104 3150 1227 3218 nullius
1248 3154 1412 3220 momenti
1436 3153 1489 3220 sir.

316 3266 468 3356 Denique
482 3266 680 3354 germanicas
695 3267 850 3353 spirantes
868 3289 940 3356 quae
955 3289 994 3333 ex
1007 3265 1158 3334 indoenr.
1181 3268 1273 3334 tenui
1291 3267 1310 3334 k
1327 3266 1381 3357 (q)
1400 3286 1431 3335 et
1453 3290 1492 3334 err

315 3380 466 3448 indoeur.
486 3379 599 3447 mediis
620 3381 764 3469 aspiratis
781 3379 831 3462 bh,
849 3380 904 3468 gb,
921 3380 962 3448 dh
982 3400 1064 3448 ortae
1081 3397 1158 3448 sunt
1179 3399 1212 3448 et
1229 3400 1342 3471 postea
1359 3383 1394 3449 in
1410 3383 1492 3472 aspi·

315 3516 418 3564 raram
433 3496 452 3564 h
466 3516 498 3563 er
513 3495 636 3564 medias
650 3496 679 3579 b,
693 3521 727 3586 g,
740 3496 772 3578 d,
791 3515 926 3566 mutatae
939 3516 1031 3580 sunt,
1047 3520 1124 3566 cum
1139 3497 1188 3565 his
1203 3497 1279 3586 ipsis
1296 3497 1398 3586 signis
1414 3497 1445 3579 h,
1460 3496 1489 3580 b,

312 3635 346 3698 g,
364 3613 397 3695 d,
414 3613 612 3681 notavimus.
867 3625 870 3631 '
