3768 5742
402 1067 522 1148 labam,
547 1068 701 1157 praeteriti
725 1085 762 1135 ut
784 1090 844 1156 pro
865 1069 960 1156 signo
987 1064 1142 1148 habitam,
1170 1068 1330 1153 integram
1357 1085 1581 1148 servaverunt,

403 1182 481 1253 dum
498 1184 664 1254 distinctio
680 1187 836 1275 gravioris
851 1185 960 1275 stirpis
983 1185 1034 1276 (in
1053 1183 1205 1274 singulari
1226 1183 1379 1271 numero)
1400 1203 1433 1251 et
1453 1183 1583 1251 levioris

402 1299 454 1389 (in
469 1300 600 1390 plurali)
615 1300 772 1389 paulatim
791 1324 809 1368 e
834 1301 994 1367 memoria
1015 1298 1140 1389 delapsa
1161 1318 1221 1366 est.
1245 1299 1374 1388 Nempe
1395 1321 1433 1365 ex
1457 1298 1583 1366 duabus

402 1414 517 1484 formis
540 1416 690 1485 indoeur.
714 1417 871 1508 *qe-qoide
895 1435 927 1484 et
950 1416 1056 1504 *qoy'de
1083 1415 1263 1481 «vocavi»
1287 1415 1376 1504 prior
1398 1432 1532 1481 tantum
1547 1415 1581 1480 in

402 1535 597 1622 germanicis
620 1533 766 1603 dialectis
789 1534 907 1621 viguit,
932 1531 1051 1600 scilicet
1074 1531 1238 1616 *be-baira,
1263 1553 1302 1597 ex
1323 1553 1399 1620 qua,
1425 1528 1582 1618 analogiae

402 1647 486 1734 lege,
512 1646 643 1736 pluralis
668 1670 827 1715 numerus
850 1646 1055 1713 *he-lanitrrme
1080 1644 1155 1734 (pro
1177 1644 1378 1734 *be-bitume)
1402 1663 1494 1711 ortus
1519 1663 1580 1713 est.

402 1761 530 1829 Eodem
545 1763 610 1830 lere
625 1783 790 1852 ternpore,
805 1782 980 1852 postquam
997 1764 1030 1828 in
1046 1761 1200 1829 omnibus
1215 1762 1407 1849 germanicis
1417 1759 1582 1829 vocabulis

401 1879 505 1967 prima
524 1877 645 1966 syllaba
668 1899 839 1946 accentum
860 1880 995 1967 accepit,
1017 1879 1049 1945 in
1073 1879 1237 1966 praeterito
1261 1899 1392 1967 quoque
1413 1879 1530 1966 prima,
1549 1877 1581 1943 id

400 2011 448 2059 est
462 1992 658 2081 reduplicata
674 1992 794 2081 syllaba
809 2008 902 2061 acuta
916 1991 1001 2060 facta
1015 2012 1073 2060 est.

447 2128 477 2196 3.
497 2107 587 2175 Cum
603 2130 720 2198 quarto
737 2129 769 2176 et
784 2110 901 2198 quinto
916 2106 1034 2174 saeculo
1051 2127 1124 2197 post
1142 2105 1312 2174 Christum
1329 2125 1445 2175 natum
1461 2107 1496 2173 in
1513 2106 1583 2174 Go-

401 2240 514 2290 torum
528 2245 681 2292 sermone
695 2222 863 2292 distinctio
877 2223 930 2292 illa
945 2225 1031 2290 inter
1044 2225 1202 2312 praeterita
1217 2243 1249 2290 et
1266 2245 1338 2312 quae
1358 2245 1413 2311 per
1437 2221 1582 2311 redupli-

403 2342 581 2422 cationem,
602 2359 635 2408 et
656 2364 728 2429 quae
750 2363 808 2429 per
828 2339 1048 2430 apophoniam
1069 2338 1241 2408 informata
1257 2337 1390 2439 fuerint,
1408 2339 1581 2408 manifesto

402 2475 565 2544 appareat,
584 2457 617 2523 in
634 2458 748 2523 ceteris
763 2475 878 2524 contra
895 2457 1081 2524 Germaniae
1096 2455 1238 2524 dialectis
1252 2454 1355 2523 ambae
1369 2455 1485 2523 classes
1505 2479 1581 2523 ver-

402 2570 520 2638 borum
536 2571 720 2639 validorum
739 2573 825 2639 inter
845 2595 892 2655 se,
919 2591 954 2638 ut
976 2573 1020 2638 ita
1039 2571 1155 2655 dicam,
1180 2591 1390 2640 concurrunt.
1414 2572 1581 2640 Praeterita

401 2709 459 2776 per
473 2689 696 2776 apophoniam
711 2685 900 2770 informata,
925 2710 1064 2755 numero
1084 2687 1186 2777 plura,
1208 2687 1398 2778 praepollent
1419 2708 1452 2754 et
1472 2689 1581 2777 oppri-

403 2820 502 2869 munt
519 2799 736 2891 reduplicata3
754 2803 798 2869 ita
813 2821 849 2870 ut
863 2822 1070 2890 postremum
1088 2827 1129 2872 ex
1149 2803 1272 2871 duabus
1291 2802 1445 2871 classibus
1470 2826 1580 2871 rursus

402 2939 467 2984 una
477 2915 562 2983 facta
576 2918 629 2984 sit.

446 3031 484 3098 In
508 3031 675 3099 nonnullis
701 3035 790 3100 enim
815 3034 984 3122 praeteritis
1009 3034 1202 3123 reduplicata
1226 3032 1360 3121 syllaba,
1385 3057 1458 3123 quae
1486 3053 1580 3102 acuta

400 3166 481 3232 erat,
499 3171 559 3237 pro
574 3146 721 3236 legitima
734 3151 833 3238 stirpe
848 3149 938 3218 verbi
954 3150 1061 3218 habita
1077 3171 1138 3235 est,
1154 3150 1232 3217 dum
1247 3149 1365 3217 vocalis
1376 3150 1496 3239 stirpis,
1508 3172 1581 3240 quae

400 3284 552 3332 accentus
566 3287 678 3352 expers
698 3287 779 3346 erat,
801 3265 957 3354 paulatim
973 3266 1137 3334 infirmior
1157 3265 1240 3334 facta
1261 3287 1323 3348 est,
1345 3264 1420 3332 inde
1444 3264 1579 3333 demum

400 3401 571 3468 suppressa
586 3398 634 3446 est
650 3398 705 3446 aut
721 3402 797 3446 cum
814 3380 916 3448 vocali
933 3381 1137 3472 reduplicatae
1152 3381 1280 3469 syllabae
1295 3381 1425 3449 coaluit.

445 3494 484 3561 In
499 3493 692 3584 quibusdam
709 3493 777 3562 aliis
794 3497 974 3584 praeteritis,
997 3517 1148 3564 accentus
1167 3519 1266 3586 quem
1284 3498 1319 3566 in
1338 3494 1491 3562 omnibus
1510 3518 1581 3566 ver·

400 3607 448 3675 bis
462 3609 573 3677 validis
588 3610 685 3698 stirps
700 3609 886 3699 accipiebat,
902 3611 1058 3699 analogiae
1074 3612 1143 3700 lege
1158 3613 1255 3678 etiam
1281 3613 1315 3680 in
1336 3611 1504 3699 praeteritis
1524 3633 1581 3698 ρετ

397 3725 605 3792 iterationem
630 3728 743 3816 primae
765 3726 893 3814 syllabae
915 3727 1097 3796 informatis
1119 3751 1157 3794 ex
1185 3727 1380 3816 reduplicata
1403 3724 1525 3814 syllaba
1547 3728 1580 3793 in

399 3841 533 3929 stirpem
548 3865 582 3908 se
597 3841 749 3910 contulit.
767 3842 975 3933 Reduplicata
990 3863 1100 3911 autem
1116 3842 1248 3932 syllaba,
1266 3862 1440 3933 postquam
1463 3864 1580 3909 accen-

400 3975 453 4024 tus
472 3979 585 4046 expers
606 3956 690 4025 lacta
713 3979 775 4043 est,
800 3979 855 4027 aut
880 3982 937 4047 per
961 3982 1126 4049 syncopen
1150 3978 1204 4027 aut
1226 3959 1383 4047 analogiae
1406 3956 1478 4046 lege
1501 3980 1581 4025 mox

401 4074 543 4141 evanuit.

443 4190 482 4257 In
511 4190 712 4279 paucissimis
742 4189 882 4281 denique
905 4192 1010 4259 verbis
1039 4215 1111 4282 quae
1143 4189 1290 4259 vocalem
1315 4215 1330 4257 e
1355 4193 1388 4257 in
1414 4191 1581 4276 praesentis

399 4306 498 4394 stirpe
512 4307 664 4395 primitus
679 4306 878 4395 praebebant,
897 4309 987 4394 cujus
1009 4309 1171 4376 inlocum
1194 4326 1305 4396 postea
1325 4304 1445 4373 vocalis
1466 4327 1486 4372 a
1509 4330 1580 4374 suc·

399 4423 507 4506 cessit,
522 4422 596 4490 licet
611 4423 764 4511 conjicias
780 4424 922 4514 priscum
941 4422 1167 4512 imperfectum
1187 4422 1293 4513 (quod
1312 4420 1463 4489 eamdem
1482 4445 1578 4490 voca·

398 4535 464 4604 lem
487 4561 502 4604 e
528 4560 627 4628 quam
652 4561 794 4626 praesens
817 4539 964 4629 exhibet)
988 4541 1091 4607 vicem
1115 4540 1268 4628 praeteriti
1296 4562 1352 4629 per
1370 4539 1580 4606 iterationem

398 4655 511 4742 primae
525 4652 655 4742 syllabae
672 4652 839 4722 informati
855 4655 1040 4744 explevisse.

444 4769 494 4836 Ita
507 4769 702 4859 reduplicata
725 4773 885 4860 praeterita
905 4774 938 4839 in
959 4773 1237 4841 Scandinavorum
1257 4772 1366 4859 lingua
1386 4789 1419 4839 et
1437 4769 1580 4838 dialectis

399 4883 586 4951 Germaniae
602 4886 812 4954 occidentalis
826 4886 981 4975 paulatim
998 4888 1242 4971 obsoleverunt,
1259 4885 1472 4975 dissimilique
1486 4885 1580 4958 viaet

399 5001 527 5067 ratione
538 5001 571 5066 in
587 5004 749 5088 praeterita
763 5023 820 5090 ρετ
834 5003 1055 5092 apophoniam
1070 5001 1243 5071 informata
1261 5020 1384 5070 mutata
1398 5019 1487 5069 sunt.
