<?xml version="1.0" encoding="UTF-8"?>
<!DOCTYPE html PUBLIC "-//W3C//DTD XHTML 1.0 Transitional//EN"
    "http://www.w3.org/TR/xhtml1/DTD/xhtml1-transitional.dtd">
<html xmlns="http://www.w3.org/1999/xhtml" xml:lang="en" lang="en">
 <head>
  <title>
</title>
<meta http-equiv="Content-Type" content="text/html;charset=utf-8" />
  <meta name='ocr-system' content='tesseract 3.04.00' />
  <meta name='ocr-capabilities' content='ocr_page ocr_carea ocr_par ocr_line ocrx_word'/>
</head>
<body>
  <div class='ocr_page' id='page_1' title='image "./deverbisquinvet00lichgoog_0084.png"; bbox 0 0 3768 5742; ppageno 0'>
   <div class='ocr_carea' id='block_1_1' title="bbox 303 980 1500 4647">
    <p class='ocr_par' dir='ltr' id='par_1_1' title="bbox 321 980 1497 1189">
     <span class='ocr_line' id='line_1_1' title="bbox 321 980 1497 1074; baseline 0.003 -25"><span class='ocrx_word' id='word_1_1' title='bbox 321 980 397 1052; x_wconf 90' lang='lat' dir='ltr'>ahd.</span> <span class='ocrx_word' id='word_1_2' title='bbox 414 983 533 1066; x_wconf 83' lang='lat' dir='ltr'>bluoen,</span> <span class='ocrx_word' id='word_1_3' title='bbox 550 1007 595 1053; x_wconf 83' lang='lat' dir='ltr'>as.</span> <span class='ocrx_word' id='word_1_4' title='bbox 614 983 731 1067; x_wconf 76' lang='lat' dir='ltr'>blatan,</span> <span class='ocrx_word' id='word_1_5' title='bbox 750 1007 819 1074; x_wconf 88' lang='lat' dir='ltr'>ags.</span> <span class='ocrx_word' id='word_1_6' title='bbox 842 984 964 1054; x_wconf 72' lang='lat' dir='ltr'>blewan</span> <span class='ocrx_word' id='word_1_7' title='bbox 983 985 1121 1054; x_wconf 84' lang='lat' dir='ltr'>fortasse</span> <span class='ocrx_word' id='word_1_8' title='bbox 1142 985 1239 1053; x_wconf 90' lang='lat' dir='ltr'>etiam</span> <span class='ocrx_word' id='word_1_9' title='bbox 1260 987 1371 1055; x_wconf 72' lang='lat' dir='ltr'>*blo-to</span> <span class='ocrx_word' id='word_1_10' title='bbox 1393 1011 1410 1050; x_wconf 81' lang='lat' dir='ltr'>a</span> <span class='ocrx_word' id='word_1_11' title='bbox 1434 985 1497 1053; x_wconf 90' lang='lat' dir='ltr'>im·</span> 
     </span>
     <span class='ocr_line' id='line_1_2' title="bbox 322 1096 892 1189; baseline 0.007 -25"><span class='ocrx_word' id='word_1_12' title='bbox 322 1096 413 1165; x_wconf 92' lang='lat' dir='ltr'>molo</span> <span class='ocrx_word' id='word_1_13' title='bbox 429 1123 459 1180; x_wconf 81' lang='lat' dir='ltr'>u,</span> <span class='ocrx_word' id='word_1_14' title='bbox 478 1118 509 1166; x_wconf 92' lang='lat' dir='ltr'>et</span> <span class='ocrx_word' id='word_1_15' title='bbox 522 1099 663 1189; x_wconf 66' lang='lat' dir='ltr'>*blebam</span> <span class='ocrx_word' id='word_1_16' title='bbox 679 1126 696 1164; x_wconf 80' lang='lat' dir='ltr'>&lt;r</span> <span class='ocrx_word' id='word_1_17' title='bbox 713 1100 843 1187; x_wconf 89' lang='lat' dir='ltr'>sanguis</span> <span class='ocrx_word' id='word_1_18' title='bbox 862 1127 892 1168; x_wconf 89' lang='lat'>».</span> 
     </span>
    </p>

    <p class='ocr_par' dir='ltr' id='par_1_2' title="bbox 364 1213 1078 1306">
     <span class='ocr_line' id='line_1_3' title="bbox 364 1213 1078 1306; baseline 0.008 -27"><span class='ocrx_word' id='word_1_19' title='bbox 364 1213 512 1282; x_wconf 90' lang='lat' dir='ltr'>Aradice</span> <span class='ocrx_word' id='word_1_20' title='bbox 526 1215 598 1283; x_wconf 73' lang='lat' dir='ltr'>thre</span> <span class='ocrx_word' id='word_1_21' title='bbox 614 1241 630 1279; x_wconf 79' lang='lat' dir='ltr'>a</span> <span class='ocrx_word' id='word_1_22' title='bbox 647 1234 755 1305; x_wconf 90' lang='lat' dir='ltr'>tepere</span> <span class='ocrx_word' id='word_1_23' title='bbox 772 1241 811 1283; x_wconf 83' lang='lat' dir='ltr'>u:</span> <span class='ocrx_word' id='word_1_24' title='bbox 830 1214 923 1283; x_wconf 87' lang='lat' dir='ltr'>mhd.</span> <span class='ocrx_word' id='word_1_25' title='bbox 941 1215 1078 1306; x_wconf 76' lang='lat' dir='ltr'>braejm.</span> 
     </span>
    </p>

    <p class='ocr_par' dir='ltr' id='par_1_3' title="bbox 364 1328 1437 1422">
     <span class='ocr_line' id='line_1_4' title="bbox 364 1328 1437 1422; baseline 0.006 -28"><span class='ocrx_word' id='word_1_26' title='bbox 364 1329 393 1394; x_wconf 86' lang='lat' dir='ltr'><strong>A</strong></span> <span class='ocrx_word' id='word_1_27' title='bbox 408 1328 512 1397; x_wconf 89' lang='lat' dir='ltr'>radice</span> <span class='ocrx_word' id='word_1_28' title='bbox 528 1330 577 1422; x_wconf 66' lang='lat' dir='ltr'>qli</span> <span class='ocrx_word' id='word_1_29' title='bbox 591 1356 607 1394; x_wconf 82' lang='lat' dir='ltr'>r</span> <span class='ocrx_word' id='word_1_30' title='bbox 624 1332 730 1419; x_wconf 85' lang='lat' dir='ltr'>rugire</span> <span class='ocrx_word' id='word_1_31' title='bbox 747 1356 784 1397; x_wconf 80' lang='lat' dir='ltr'>u:</span> <span class='ocrx_word' id='word_1_32' title='bbox 803 1330 880 1400; x_wconf 88' lang='lat' dir='ltr'>ahd.</span> <span class='ocrx_word' id='word_1_33' title='bbox 896 1330 1020 1415; x_wconf 73' lang='lat' dir='ltr'>hlauta,</span> <span class='ocrx_word' id='word_1_34' title='bbox 1039 1355 1093 1402; x_wconf 90' lang='lat' dir='ltr'>an.</span> <span class='ocrx_word' id='word_1_35' title='bbox 1109 1332 1192 1415; x_wconf 84' lang='lat' dir='ltr'>hlda,</span> <span class='ocrx_word' id='word_1_36' title='bbox 1210 1355 1279 1421; x_wconf 87' lang='lat' dir='ltr'>ags.</span> <span class='ocrx_word' id='word_1_37' title='bbox 1300 1331 1437 1400; x_wconf 79' lang='lat' dir='ltr'>blowan.</span> 
     </span>
    </p>

    <p class='ocr_par' dir='ltr' id='par_1_4' title="bbox 362 1444 1470 1539">
     <span class='ocr_line' id='line_1_5' title="bbox 362 1444 1470 1539; baseline 0.004 -28"><span class='ocrx_word' id='word_1_38' title='bbox 362 1445 392 1511; x_wconf 85' lang='lat' dir='ltr'><strong>A</strong></span> <span class='ocrx_word' id='word_1_39' title='bbox 406 1444 508 1513; x_wconf 87' lang='lat' dir='ltr'>radice</span> <span class='ocrx_word' id='word_1_40' title='bbox 525 1460 573 1514; x_wconf 69' lang='lat' dir='ltr'>me</span> <span class='ocrx_word' id='word_1_41' title='bbox 590 1472 606 1510; x_wconf 90' lang='lat'>«</span> <span class='ocrx_word' id='word_1_42' title='bbox 623 1447 761 1528; x_wconf 90' lang='lat' dir='ltr'>moveri,</span> <span class='ocrx_word' id='word_1_43' title='bbox 776 1449 868 1515; x_wconf 83' lang='lat' dir='ltr'>irasci</span> <span class='ocrx_word' id='word_1_44' title='bbox 885 1474 901 1512; x_wconf 84' lang='lat' dir='ltr'>u</span> <span class='ocrx_word' id='word_1_45' title='bbox 917 1472 924 1514; x_wconf 93' lang='lat'>:</span> <span class='ocrx_word' id='word_1_46' title='bbox 942 1447 1017 1515; x_wconf 92' lang='lat' dir='ltr'>ahd.</span> <span class='ocrx_word' id='word_1_47' title='bbox 1036 1471 1160 1531; x_wconf 81' lang='lat' dir='ltr'>nzuoen,</span> <span class='ocrx_word' id='word_1_48' title='bbox 1175 1467 1247 1537; x_wconf 90' lang='lat' dir='ltr'>got.</span> <span class='ocrx_word' id='word_1_49' title='bbox 1258 1447 1470 1539; x_wconf 81' lang='lat' dir='ltr'>ras-mouidai.</span> 
     </span>
    </p>

    <p class='ocr_par' dir='ltr' id='par_1_5' title="bbox 317 1559 1492 1742">
     <span class='ocr_line' id='line_1_6' title="bbox 361 1559 1492 1654; baseline 0.004 -28"><span class='ocrx_word' id='word_1_50' title='bbox 361 1559 509 1628; x_wconf 88' lang='lat' dir='ltr'>Aradice</span> <span class='ocrx_word' id='word_1_51' title='bbox 522 1575 556 1629; x_wconf 73' lang='lat' dir='ltr'>re</span> <span class='ocrx_word' id='word_1_52' title='bbox 570 1588 586 1626; x_wconf 79' lang='grc' dir='ltr'>(ι</span> <span class='ocrx_word' id='word_1_53' title='bbox 604 1561 753 1647; x_wconf 89' lang='lat' dir='ltr'>tundere,</span> <span class='ocrx_word' id='word_1_54' title='bbox 771 1565 928 1652; x_wconf 86' lang='lat' dir='ltr'>remigare</span> <span class='ocrx_word' id='word_1_55' title='bbox 946 1587 984 1630; x_wconf 76' lang='lat' dir='ltr'>a:</span> <span class='ocrx_word' id='word_1_56' title='bbox 1011 1562 1103 1633; x_wconf 90' lang='lat' dir='ltr'>mhd.</span> <span class='ocrx_word' id='word_1_57' title='bbox 1128 1567 1244 1654; x_wconf 74' lang='lat' dir='ltr'>raesen,</span> <span class='ocrx_word' id='word_1_58' title='bbox 1262 1586 1315 1632; x_wconf 88' lang='lat' dir='ltr'>an.</span> <span class='ocrx_word' id='word_1_59' title='bbox 1338 1566 1406 1644; x_wconf 78' lang='lat' dir='ltr'>rda,</span> <span class='ocrx_word' id='word_1_60' title='bbox 1423 1582 1492 1649; x_wconf 87' lang='lat' dir='ltr'>ags.</span> 
     </span>
     <span class='ocr_line' id='line_1_7' title="bbox 317 1696 438 1742; baseline 0.033 -4"><span class='ocrx_word' id='word_1_61' title='bbox 317 1696 438 1742; x_wconf 83' lang='lat' dir='ltr'>rowan.</span> 
     </span>
    </p>

    <p class='ocr_par' dir='ltr' id='par_1_6' title="bbox 360 1789 1447 1882">
     <span class='ocr_line' id='line_1_8' title="bbox 360 1789 1447 1882; baseline 0.003 -26"><span class='ocrx_word' id='word_1_62' title='bbox 360 1789 506 1858; x_wconf 86' lang='lat' dir='ltr'>Aradice</span> <span class='ocrx_word' id='word_1_63' title='bbox 518 1805 569 1881; x_wconf 71' lang='lat' dir='ltr'>spe</span> <span class='ocrx_word' id='word_1_64' title='bbox 585 1818 601 1855; x_wconf 89' lang='grc'>«</span> <span class='ocrx_word' id='word_1_65' title='bbox 619 1793 742 1881; x_wconf 89' lang='lat' dir='ltr'>augeri,</span> <span class='ocrx_word' id='word_1_66' title='bbox 760 1792 913 1881; x_wconf 88' lang='lat' dir='ltr'>progredi</span> <span class='ocrx_word' id='word_1_67' title='bbox 930 1818 945 1856; x_wconf 74' lang='lat' dir='ltr'>&gt;a</span> <span class='ocrx_word' id='word_1_68' title='bbox 961 1817 969 1859; x_wconf 94' lang='lat'><strong>:</strong></span> <span class='ocrx_word' id='word_1_69' title='bbox 986 1791 1062 1860; x_wconf 89' lang='lat' dir='ltr'>ahd.</span> <span class='ocrx_word' id='word_1_70' title='bbox 1080 1805 1205 1882; x_wconf 76' lang='lat' dir='ltr'>spatam,</span> <span class='ocrx_word' id='word_1_71' title='bbox 1224 1815 1292 1882; x_wconf 90' lang='lat' dir='ltr'>ags.</span> <span class='ocrx_word' id='word_1_72' title='bbox 1308 1803 1447 1880; x_wconf 77' lang='lat' dir='ltr'>sporoan.</span> 
     </span>
    </p>

    <p class='ocr_par' dir='ltr' id='par_1_7' title="bbox 358 1904 1244 1995">
     <span class='ocr_line' id='line_1_9' title="bbox 358 1904 1244 1995; baseline 0.003 -25"><span class='ocrx_word' id='word_1_73' title='bbox 358 1905 388 1970; x_wconf 87' lang='lat' dir='ltr'>A</span> <span class='ocrx_word' id='word_1_74' title='bbox 402 1905 505 1975; x_wconf 86' lang='lat' dir='ltr'>radice</span> <span class='ocrx_word' id='word_1_75' title='bbox 518 1918 586 1994; x_wconf 74' lang='lat' dir='ltr'>spre</span> <span class='ocrx_word' id='word_1_76' title='bbox 602 1933 618 1970; x_wconf 90' lang='lat'>«</span> <span class='ocrx_word' id='word_1_77' title='bbox 635 1907 785 1989; x_wconf 80' lang='lat' dir='ltr'>emicare,</span> <span class='ocrx_word' id='word_1_78' title='bbox 804 1905 928 1974; x_wconf 86' lang='lat' dir='ltr'>effundi</span> <span class='ocrx_word' id='word_1_79' title='bbox 944 1931 982 1973; x_wconf 79' lang='lat' dir='ltr'>»z</span> <span class='ocrx_word' id='word_1_80' title='bbox 1001 1904 1081 1974; x_wconf 89' lang='lat' dir='ltr'>nhd.</span> <span class='ocrx_word' id='word_1_81' title='bbox 1099 1905 1244 1995; x_wconf 72' lang='lat' dir='ltr'>spulhen.</span> 
     </span>
    </p>

    <p class='ocr_par' dir='ltr' id='par_1_8' title="bbox 360 2019 1412 2112">
     <span class='ocr_line' id='line_1_10' title="bbox 360 2019 1412 2112; baseline 0.001 -24"><span class='ocrx_word' id='word_1_82' title='bbox 360 2021 421 2088; x_wconf 92' lang='lat' dir='ltr'>His</span> <span class='ocrx_word' id='word_1_83' title='bbox 433 2020 514 2088; x_wconf 88' lang='lat' dir='ltr'>adde</span> <span class='ocrx_word' id='word_1_84' title='bbox 530 2022 668 2090; x_wconf 89' lang='lat' dir='ltr'>radicem</span> <span class='ocrx_word' id='word_1_85' title='bbox 681 2020 779 2112; x_wconf 69' lang='lat' dir='ltr'>spagb</span> <span class='ocrx_word' id='word_1_86' title='bbox 796 2048 811 2086; x_wconf 80' lang='lat' dir='ltr'>rr</span> <span class='ocrx_word' id='word_1_87' title='bbox 830 2040 973 2110; x_wconf 87' lang='lat' dir='ltr'>strepere</span> <span class='ocrx_word' id='word_1_88' title='bbox 991 2048 1023 2104; x_wconf 80' lang='lat' dir='ltr'>u,</span> <span class='ocrx_word' id='word_1_89' title='bbox 1041 2019 1128 2090; x_wconf 91' lang='lat' dir='ltr'>unde</span> <span class='ocrx_word' id='word_1_90' title='bbox 1143 2043 1249 2110; x_wconf 89' lang='lat' dir='ltr'>germ.</span> <span class='ocrx_word' id='word_1_91' title='bbox 1267 2021 1412 2110; x_wconf 60' lang='lat' dir='ltr'>*swogjh</span> 
     </span>
    </p>

    <p class='ocr_par' dir='ltr' id='par_1_9' title="bbox 303 2134 1500 4647">
     <span class='ocr_line' id='line_1_11' title="bbox 358 2134 1494 2227; baseline 0.002 -26"><span class='ocrx_word' id='word_1_92' title='bbox 358 2135 390 2226; x_wconf 88' lang='lat' dir='ltr'>c)</span> <span class='ocrx_word' id='word_1_93' title='bbox 404 2135 506 2218; x_wconf 91' lang='lat' dir='ltr'>Quod</span> <span class='ocrx_word' id='word_1_94' title='bbox 528 2138 553 2204; x_wconf 93' lang='lat' dir='ltr'>si</span> <span class='ocrx_word' id='word_1_95' title='bbox 566 2136 615 2205; x_wconf 75' lang='lat' dir='ltr'>&#39;ad</span> <span class='ocrx_word' id='word_1_96' title='bbox 634 2138 732 2206; x_wconf 89' lang='lat' dir='ltr'>verba</span> <span class='ocrx_word' id='word_1_97' title='bbox 758 2139 933 2206; x_wconf 81' lang='lat' dir='ltr'>transimus</span> <span class='ocrx_word' id='word_1_98' title='bbox 957 2158 1101 2227; x_wconf 88' lang='lat' dir='ltr'>quorum</span> <span class='ocrx_word' id='word_1_99' title='bbox 1124 2137 1220 2226; x_wconf 85' lang='lat' dir='ltr'>stirps</span> <span class='ocrx_word' id='word_1_100' title='bbox 1238 2137 1273 2203; x_wconf 90' lang='lat' dir='ltr'>in</span> <span class='ocrx_word' id='word_1_101' title='bbox 1297 2149 1346 2204; x_wconf 74' lang='lat' dir='ltr'>ow</span> <span class='ocrx_word' id='word_1_102' title='bbox 1362 2134 1494 2219; x_wconf 87' lang='lat' dir='ltr'>desinit,</span> 
     </span>
     <span class='ocr_line' id='line_1_12' title="bbox 314 2249 1492 2341; baseline 0.003 -25"><span class='ocrx_word' id='word_1_103' title='bbox 314 2249 461 2319; x_wconf 89' lang='lat' dir='ltr'>videmus</span> <span class='ocrx_word' id='word_1_104' title='bbox 476 2252 630 2321; x_wconf 88' lang='lat' dir='ltr'>vocabula</span> <span class='ocrx_word' id='word_1_105' title='bbox 644 2276 721 2321; x_wconf 91' lang='lat' dir='ltr'>curn</span> <span class='ocrx_word' id='word_1_106' title='bbox 736 2252 786 2321; x_wconf 93' lang='lat' dir='ltr'>his</span> <span class='ocrx_word' id='word_1_107' title='bbox 800 2252 906 2321; x_wconf 89' lang='lat' dir='ltr'>verbis</span> <span class='ocrx_word' id='word_1_108' title='bbox 922 2272 1139 2340; x_wconf 81' lang='lat' dir='ltr'>congenerata</span> <span class='ocrx_word' id='word_1_109' title='bbox 1153 2275 1172 2318; x_wconf 90' lang='lat' dir='ltr'>a</span> <span class='ocrx_word' id='word_1_110' title='bbox 1184 2250 1338 2341; x_wconf 87' lang='lat' dir='ltr'>stirpibus</span> <span class='ocrx_word' id='word_1_111' title='bbox 1359 2272 1417 2340; x_wconf 93' lang='lat' dir='ltr'>per</span> <span class='ocrx_word' id='word_1_112' title='bbox 1431 2265 1492 2333; x_wconf 74' lang='lat' dir='ltr'>osv,</span> 
     </span>
     <span class='ocr_line' id='line_1_13' title="bbox 314 2365 1496 2457; baseline 0.001 -25"><span class='ocrx_word' id='word_1_113' title='bbox 314 2390 363 2448; x_wconf 84' lang='lat' dir='ltr'>cu,</span> <span class='ocrx_word' id='word_1_114' title='bbox 377 2389 430 2448; x_wconf 79' lang='lat' dir='ltr'>aa,</span> <span class='ocrx_word' id='word_1_115' title='bbox 443 2392 475 2450; x_wconf 83' lang='lat' dir='ltr'>u,</span> <span class='ocrx_word' id='word_1_116' title='bbox 489 2368 709 2438; x_wconf 91' lang='lat' dir='ltr'>desinentibus</span> <span class='ocrx_word' id='word_1_117' title='bbox 726 2369 869 2437; x_wconf 91' lang='lat' dir='ltr'>derivata</span> <span class='ocrx_word' id='word_1_118' title='bbox 884 2391 965 2438; x_wconf 89' lang='lat' dir='ltr'>esse.</span> <span class='ocrx_word' id='word_1_119' title='bbox 979 2367 1131 2457; x_wconf 83' lang='lat' dir='ltr'>Exempli</span> <span class='ocrx_word' id='word_1_120' title='bbox 1142 2390 1237 2435; x_wconf 87' lang='lat' dir='ltr'>causa</span> <span class='ocrx_word' id='word_1_121' title='bbox 1247 2365 1348 2435; x_wconf 89' lang='lat' dir='ltr'>affero</span> <span class='ocrx_word' id='word_1_122' title='bbox 1358 2365 1496 2434; x_wconf 90' lang='lat' dir='ltr'>verbum</span> 
     </span>
     <span class='ocr_line' id='line_1_14' title="bbox 314 2480 1496 2576; baseline -0.001 -26"><span class='ocrx_word' id='word_1_123' title='bbox 314 2483 415 2553; x_wconf 73' lang='lat' dir='ltr'>*bravo</span> <span class='ocrx_word' id='word_1_124' title='bbox 430 2511 446 2547; x_wconf 75' lang='lat' dir='ltr'>a</span> <span class='ocrx_word' id='word_1_125' title='bbox 464 2484 587 2567; x_wconf 89' lang='lat' dir='ltr'>habito,</span> <span class='ocrx_word' id='word_1_126' title='bbox 603 2485 677 2555; x_wconf 94' lang='lat' dir='ltr'>colo</span> <span class='ocrx_word' id='word_1_127' title='bbox 697 2512 728 2569; x_wconf 78' lang='lat' dir='ltr'>u,</span> <span class='ocrx_word' id='word_1_128' title='bbox 746 2485 835 2576; x_wconf 91' lang='lat' dir='ltr'>quod</span> <span class='ocrx_word' id='word_1_129' title='bbox 849 2484 890 2552; x_wconf 91' lang='lat' dir='ltr'>ad</span> <span class='ocrx_word' id='word_1_130' title='bbox 905 2484 1056 2553; x_wconf 89' lang='lat' dir='ltr'>eamdem</span> <span class='ocrx_word' id='word_1_131' title='bbox 1071 2483 1212 2552; x_wconf 85' lang='lat' dir='ltr'>radicem</span> <span class='ocrx_word' id='word_1_132' title='bbox 1226 2480 1436 2551; x_wconf 88' lang='lat' dir='ltr'>referendum</span> <span class='ocrx_word' id='word_1_133' title='bbox 1447 2501 1496 2549; x_wconf 89' lang='lat' dir='ltr'>est</span> 
     </span>
     <span class='ocr_line' id='line_1_15' title="bbox 315 2597 1496 2690; baseline -0.003 -25"><span class='ocrx_word' id='word_1_134' title='bbox 315 2598 354 2666; x_wconf 92' lang='lat' dir='ltr'>ad</span> <span class='ocrx_word' id='word_1_135' title='bbox 369 2623 467 2689; x_wconf 91' lang='lat' dir='ltr'>quam</span> <span class='ocrx_word' id='word_1_136' title='bbox 481 2602 593 2689; x_wconf 90' lang='lat' dir='ltr'>stirpes</span> <span class='ocrx_word' id='word_1_137' title='bbox 608 2624 712 2689; x_wconf 88' lang='lat' dir='ltr'>germ.</span> <span class='ocrx_word' id='word_1_138' title='bbox 731 2600 787 2669; x_wconf 81' lang='lat' dir='ltr'>beu</span> <span class='ocrx_word' id='word_1_139' title='bbox 805 2627 822 2663; x_wconf 84' lang='lat' dir='ltr'>r</span> <span class='ocrx_word' id='word_1_140' title='bbox 840 2623 909 2668; x_wconf 90' lang='lat' dir='ltr'>esse</span> <span class='ocrx_word' id='word_1_141' title='bbox 926 2627 958 2685; x_wconf 82' lang='lat' dir='ltr'>u,</span> <span class='ocrx_word' id='word_1_142' title='bbox 974 2599 1036 2668; x_wconf 86' lang='lat' dir='ltr'>bau</span> <span class='ocrx_word' id='word_1_143' title='bbox 1049 2597 1142 2690; x_wconf 87' lang='lat' dir='ltr'>(ahd.</span> <span class='ocrx_word' id='word_1_144' title='bbox 1159 2599 1286 2667; x_wconf 85' lang='lat' dir='ltr'>bauuan</span> <span class='ocrx_word' id='word_1_145' title='bbox 1304 2625 1321 2662; x_wconf 93' lang='lat'>«</span> <span class='ocrx_word' id='word_1_146' title='bbox 1340 2618 1443 2666; x_wconf 88' lang='lat' dir='ltr'>terere</span> <span class='ocrx_word' id='word_1_147' title='bbox 1460 2597 1496 2687; x_wconf 82' lang='lat' dir='ltr'>u)</span> 
     </span>
     <span class='ocr_line' id='line_1_16' title="bbox 316 2712 1497 2805; baseline 0 -26"><span class='ocrx_word' id='word_1_148' title='bbox 316 2731 350 2780; x_wconf 92' lang='lat' dir='ltr'>et</span> <span class='ocrx_word' id='word_1_149' title='bbox 373 2713 413 2780; x_wconf 86' lang='lat' dir='ltr'>bu</span> <span class='ocrx_word' id='word_1_150' title='bbox 437 2713 506 2803; x_wconf 89' lang='lat' dir='ltr'>(an.</span> <span class='ocrx_word' id='word_1_151' title='bbox 531 2714 648 2805; x_wconf 75' lang='lat' dir='ltr'>byggja</span> <span class='ocrx_word' id='word_1_152' title='bbox 673 2741 689 2778; x_wconf 70' lang='grc' dir='ltr'>ι(</span> <span class='ocrx_word' id='word_1_153' title='bbox 713 2713 820 2783; x_wconf 88' lang='lat' dir='ltr'>colere</span> <span class='ocrx_word' id='word_1_154' title='bbox 842 2714 888 2805; x_wconf 80' lang='lat' dir='ltr'>u).</span> <span class='ocrx_word' id='word_1_155' title='bbox 908 2714 983 2799; x_wconf 86' lang='lat' dir='ltr'>Jam</span> <span class='ocrx_word' id='word_1_156' title='bbox 1005 2714 1194 2781; x_wconf 88' lang='lat' dir='ltr'>notavimus</span> <span class='ocrx_word' id='word_1_157' title='bbox 1213 2712 1497 2780; x_wconf 86' lang='lat' dir='ltr'>Scandinavorum</span> 
     </span>
     <span class='ocr_line' id='line_1_17' title="bbox 316 2826 1497 2916; baseline 0.002 -22"><span class='ocrx_word' id='word_1_158' title='bbox 316 2827 460 2916; x_wconf 89' lang='lat' dir='ltr'>linguam</span> <span class='ocrx_word' id='word_1_159' title='bbox 475 2849 506 2897; x_wconf 88' lang='lat' dir='ltr'>et</span> <span class='ocrx_word' id='word_1_160' title='bbox 520 2828 672 2897; x_wconf 85' lang='lat' dir='ltr'>dialectos</span> <span class='ocrx_word' id='word_1_161' title='bbox 688 2829 874 2897; x_wconf 68' lang='lat' dir='ltr'>Germanice</span> <span class='ocrx_word' id='word_1_162' title='bbox 888 2826 1112 2912; x_wconf 90' lang='lat' dir='ltr'>occidentalis,</span> <span class='ocrx_word' id='word_1_163' title='bbox 1129 2850 1204 2895; x_wconf 90' lang='lat' dir='ltr'>cum</span> <span class='ocrx_word' id='word_1_164' title='bbox 1218 2827 1366 2895; x_wconf 83' lang='lat' dir='ltr'>vocalem</span> <span class='ocrx_word' id='word_1_165' title='bbox 1386 2841 1408 2894; x_wconf 74' lang='lat' dir='ltr'>it</span> <span class='ocrx_word' id='word_1_166' title='bbox 1423 2849 1497 2916; x_wconf 88' lang='lat' dir='ltr'>ger·</span> 
     </span>
     <span class='ocr_line' id='line_1_18' title="bbox 303 2941 1497 3033; baseline -0.001 -22"><span class='ocrx_word' id='word_1_167' title='bbox 303 2945 479 3011; x_wconf 77' lang='lat' dir='ltr'>manicam</span> <span class='ocrx_word' id='word_1_168' title='bbox 500 2946 663 3033; x_wconf 84' lang='lat' dir='ltr'>integram</span> <span class='ocrx_word' id='word_1_169' title='bbox 685 2966 829 3027; x_wconf 87' lang='lat' dir='ltr'>servare,</span> <span class='ocrx_word' id='word_1_170' title='bbox 856 2964 930 3012; x_wconf 92' lang='lat' dir='ltr'>turn</span> <span class='ocrx_word' id='word_1_171' title='bbox 953 2941 1200 3032; x_wconf 88' lang='lat' dir='ltr'>diphthongum</span> <span class='ocrx_word' id='word_1_172' title='bbox 1223 2957 1272 3011; x_wconf 76' lang='lat' dir='ltr'>ow</span> <span class='ocrx_word' id='word_1_173' title='bbox 1298 2944 1332 3011; x_wconf 94' lang='lat' dir='ltr'>in</span> <span class='ocrx_word' id='word_1_174' title='bbox 1357 2957 1379 3010; x_wconf 77' lang='grc' dir='ltr'>ιῖ</span> <span class='ocrx_word' id='word_1_175' title='bbox 1401 2962 1456 3011; x_wconf 88' lang='lat' dir='ltr'>aut</span> <span class='ocrx_word' id='word_1_176' title='bbox 1479 2957 1497 3011; x_wconf 82' lang='grc' dir='ltr'><em>ῦ</em></span> 
     </span>
     <span class='ocr_line' id='line_1_19' title="bbox 316 3059 1496 3150; baseline -0.001 -24"><span class='ocrx_word' id='word_1_177' title='bbox 316 3061 514 3141; x_wconf 90' lang='lat' dir='ltr'>immutare;</span> <span class='ocrx_word' id='word_1_178' title='bbox 539 3062 641 3128; x_wconf 85' lang='lat' dir='ltr'>itaut</span> <span class='ocrx_word' id='word_1_179' title='bbox 666 3083 794 3150; x_wconf 91' lang='lat' dir='ltr'>semper</span> <span class='ocrx_word' id='word_1_180' title='bbox 815 3059 953 3128; x_wconf 91' lang='lat' dir='ltr'>dubium</span> <span class='ocrx_word' id='word_1_181' title='bbox 978 3079 1109 3127; x_wconf 89' lang='lat' dir='ltr'>maneat</span> <span class='ocrx_word' id='word_1_182' title='bbox 1132 3077 1244 3127; x_wconf 90' lang='lat' dir='ltr'>utrum</span> <span class='ocrx_word' id='word_1_183' title='bbox 1267 3059 1387 3127; x_wconf 87' lang='lat' dir='ltr'>vocalis</span> <span class='ocrx_word' id='word_1_184' title='bbox 1417 3073 1439 3126; x_wconf 70' lang='lat' dir='ltr'>a</span> <span class='ocrx_word' id='word_1_185' title='bbox 1462 3060 1496 3126; x_wconf 91' lang='lat' dir='ltr'>in</span> 
     </span>
     <span class='ocr_line' id='line_1_20' title="bbox 318 3170 1495 3263; baseline -0.004 -23"><span class='ocrx_word' id='word_1_186' title='bbox 318 3173 423 3242; x_wconf 91' lang='lat' dir='ltr'>verbis</span> <span class='ocrx_word' id='word_1_187' title='bbox 440 3173 535 3262; x_wconf 90' lang='lat' dir='ltr'>hujus</span> <span class='ocrx_word' id='word_1_188' title='bbox 551 3173 658 3242; x_wconf 90' lang='lat' dir='ltr'>classis</span> <span class='ocrx_word' id='word_1_189' title='bbox 672 3196 731 3263; x_wconf 94' lang='lat' dir='ltr'>pro</span> <span class='ocrx_word' id='word_1_190' title='bbox 747 3172 847 3262; x_wconf 86' lang='lat' dir='ltr'>gradu</span> <span class='ocrx_word' id='word_1_191' title='bbox 863 3173 985 3241; x_wconf 91' lang='lat' dir='ltr'>leviore</span> <span class='ocrx_word' id='word_1_192' title='bbox 1003 3173 1018 3240; x_wconf 97' lang='grc' dir='ltr'>Ι</span> <span class='ocrx_word' id='word_1_193' title='bbox 1032 3173 1141 3263; x_wconf 89' lang='lat' dir='ltr'>(velut</span> <span class='ocrx_word' id='word_1_194' title='bbox 1157 3173 1192 3239; x_wconf 93' lang='lat' dir='ltr'>in</span> <span class='ocrx_word' id='word_1_195' title='bbox 1205 3172 1294 3241; x_wconf 68' lang='lat' dir='ltr'>*labo</span> <span class='ocrx_word' id='word_1_196' title='bbox 1310 3198 1327 3236; x_wconf 82' lang='lat' dir='ltr'>r</span> <span class='ocrx_word' id='word_1_197' title='bbox 1348 3170 1457 3260; x_wconf 89' lang='lat' dir='ltr'>pando</span> <span class='ocrx_word' id='word_1_198' title='bbox 1479 3199 1495 3236; x_wconf 86' lang='lat'>»</span> 
     </span>
     <span class='ocr_line' id='line_1_21' title="bbox 316 3287 1498 3378; baseline -0.002 -22"><span class='ocrx_word' id='word_1_199' title='bbox 316 3312 334 3356; x_wconf 85' lang='lat' dir='ltr'>a</span> <span class='ocrx_word' id='word_1_200' title='bbox 349 3288 454 3356; x_wconf 85' lang='lat' dir='ltr'>radice</span> <span class='ocrx_word' id='word_1_201' title='bbox 470 3288 555 3378; x_wconf 75' lang='lat' dir='ltr'>lauh)</span> <span class='ocrx_word' id='word_1_202' title='bbox 570 3288 715 3357; x_wconf 85' lang='lat' dir='ltr'>habenda</span> <span class='ocrx_word' id='word_1_203' title='bbox 734 3291 789 3370; x_wconf 89' lang='lat' dir='ltr'>sit,</span> <span class='ocrx_word' id='word_1_204' title='bbox 810 3311 851 3356; x_wconf 92' lang='lat' dir='ltr'>an</span> <span class='ocrx_word' id='word_1_205' title='bbox 872 3312 910 3356; x_wconf 89' lang='lat' dir='ltr'>ex</span> <span class='ocrx_word' id='word_1_206' title='bbox 928 3303 977 3356; x_wconf 72' lang='lat' dir='ltr'>ow</span> <span class='ocrx_word' id='word_1_207' title='bbox 992 3305 1066 3356; x_wconf 91' lang='lat' dir='ltr'>orta</span> <span class='ocrx_word' id='word_1_208' title='bbox 1081 3289 1135 3357; x_wconf 88' lang='lat' dir='ltr'>sit.</span> <span class='ocrx_word' id='word_1_209' title='bbox 1160 3287 1262 3370; x_wconf 93' lang='lat' dir='ltr'>Quod</span> <span class='ocrx_word' id='word_1_210' title='bbox 1278 3290 1306 3356; x_wconf 90' lang='lat' dir='ltr'>si</span> <span class='ocrx_word' id='word_1_211' title='bbox 1320 3289 1498 3378; x_wconf 85' lang='lat' dir='ltr'>quaerimus</span> 
     </span>
     <span class='ocr_line' id='line_1_22' title="bbox 317 3400 1497 3493; baseline -0.001 -22"><span class='ocrx_word' id='word_1_212' title='bbox 317 3427 389 3493; x_wconf 90' lang='lat' dir='ltr'>quae</span> <span class='ocrx_word' id='word_1_213' title='bbox 403 3405 445 3471; x_wconf 88' lang='lat' dir='ltr'>sit</span> <span class='ocrx_word' id='word_1_214' title='bbox 458 3424 571 3472; x_wconf 89' lang='lat' dir='ltr'>natura</span> <span class='ocrx_word' id='word_1_215' title='bbox 586 3404 738 3473; x_wconf 88' lang='lat' dir='ltr'>elementi</span> <span class='ocrx_word' id='word_1_216' title='bbox 752 3402 846 3470; x_wconf 91' lang='lat' dir='ltr'>istius</span> <span class='ocrx_word' id='word_1_217' title='bbox 861 3416 910 3470; x_wconf 73' lang='lat' dir='ltr'>ow</span> <span class='ocrx_word' id='word_1_218' title='bbox 929 3422 962 3471; x_wconf 91' lang='lat' dir='ltr'>et</span> <span class='ocrx_word' id='word_1_219' title='bbox 985 3400 1074 3470; x_wconf 92' lang='lat' dir='ltr'>unde</span> <span class='ocrx_word' id='word_1_220' title='bbox 1097 3421 1210 3470; x_wconf 87' lang='lat' dir='ltr'>ortum</span> <span class='ocrx_word' id='word_1_221' title='bbox 1230 3404 1284 3486; x_wconf 89' lang='lat' dir='ltr'>sit,</span> <span class='ocrx_word' id='word_1_222' title='bbox 1301 3403 1355 3470; x_wconf 85' lang='lat' dir='ltr'>vix</span> <span class='ocrx_word' id='word_1_223' title='bbox 1372 3400 1497 3470; x_wconf 84' lang='lat' dir='ltr'>dubita·</span> 
     </span>
     <span class='ocr_line' id='line_1_23' title="bbox 318 3517 1498 3609; baseline -0.002 -23"><span class='ocrx_word' id='word_1_224' title='bbox 318 3542 391 3587; x_wconf 90' lang='lat' dir='ltr'>mus</span> <span class='ocrx_word' id='word_1_225' title='bbox 406 3521 485 3609; x_wconf 88' lang='lat' dir='ltr'>quin</span> <span class='ocrx_word' id='word_1_226' title='bbox 501 3518 723 3608; x_wconf 87' lang='lat' dir='ltr'>diphthongus</span> <span class='ocrx_word' id='word_1_227' title='bbox 737 3532 786 3586; x_wconf 78' lang='lat' dir='ltr'>ow</span> <span class='ocrx_word' id='word_1_228' title='bbox 799 3518 840 3587; x_wconf 90' lang='lat' dir='ltr'>ad</span> <span class='ocrx_word' id='word_1_229' title='bbox 853 3519 970 3586; x_wconf 87' lang='lat' dir='ltr'>seriem</span> <span class='ocrx_word' id='word_1_230' title='bbox 985 3517 1273 3609; x_wconf 86' lang='lat' dir='ltr'>diphthongorum</span> <span class='ocrx_word' id='word_1_231' title='bbox 1290 3537 1324 3585; x_wconf 93' lang='lat' dir='ltr'>et</span> <span class='ocrx_word' id='word_1_232' title='bbox 1333 3517 1498 3586; x_wconf 82' lang='lat' dir='ltr'>vocabum</span> 
     </span>
     <span class='ocr_line' id='line_1_24' title="bbox 318 3632 1499 3724; baseline -0.002 -22"><span class='ocrx_word' id='word_1_233' title='bbox 318 3657 372 3717; x_wconf 88' lang='lat' dir='ltr'>au,</span> <span class='ocrx_word' id='word_1_234' title='bbox 400 3659 449 3716; x_wconf 84' lang='lat' dir='ltr'>eu,</span> <span class='ocrx_word' id='word_1_235' title='bbox 476 3649 508 3718; x_wconf 80' lang='grc' dir='ltr'>ϊι,</span> <span class='ocrx_word' id='word_1_236' title='bbox 533 3635 565 3716; x_wconf 70' lang='lat' dir='ltr'>ri,</span> <span class='ocrx_word' id='word_1_237' title='bbox 589 3632 869 3702; x_wconf 88' lang='lat' dir='ltr'>accommodanda</span> <span class='ocrx_word' id='word_1_238' title='bbox 884 3637 924 3724; x_wconf 57' lang='lat' dir='ltr'>:et</span> <span class='ocrx_word' id='word_1_239' title='bbox 945 3658 1004 3723; x_wconf 92' lang='lat' dir='ltr'>pro</span> <span class='ocrx_word' id='word_1_240' title='bbox 1024 3634 1127 3722; x_wconf 91' lang='lat' dir='ltr'>gradu</span> <span class='ocrx_word' id='word_1_241' title='bbox 1149 3635 1298 3722; x_wconf 87' lang='lat' dir='ltr'>graviore</span> <span class='ocrx_word' id='word_1_242' title='bbox 1320 3632 1370 3700; x_wconf 89' lang='lat' dir='ltr'>III</span> <span class='ocrx_word' id='word_1_243' title='bbox 1401 3634 1499 3722; x_wconf 89' lang='lat' dir='ltr'>hujus</span> 
     </span>
     <span class='ocr_line' id='line_1_25' title="bbox 317 3747 1499 3838; baseline -0.001 -21"><span class='ocrx_word' id='word_1_244' title='bbox 317 3751 410 3817; x_wconf 91' lang='lat' dir='ltr'>seriei</span> <span class='ocrx_word' id='word_1_245' title='bbox 423 3749 570 3818; x_wconf 91' lang='lat' dir='ltr'>habenda</span> <span class='ocrx_word' id='word_1_246' title='bbox 584 3750 637 3817; x_wconf 90' lang='lat' dir='ltr'>sit.</span> <span class='ocrx_word' id='word_1_247' title='bbox 656 3747 758 3818; x_wconf 84' lang='lat' dir='ltr'>Radix</span> <span class='ocrx_word' id='word_1_248' title='bbox 770 3749 832 3838; x_wconf 82' lang='lat' dir='ltr'>ped</span> <span class='ocrx_word' id='word_1_249' title='bbox 848 3775 865 3812; x_wconf 76' lang='lat' dir='ltr'>&lt;a</span> <span class='ocrx_word' id='word_1_250' title='bbox 881 3771 937 3838; x_wconf 92' lang='lat' dir='ltr'>pes</span> <span class='ocrx_word' id='word_1_251' title='bbox 955 3773 971 3812; x_wconf 76' lang='lat' dir='ltr'>&gt;r</span> <span class='ocrx_word' id='word_1_252' title='bbox 988 3747 1061 3838; x_wconf 92' lang='lat' dir='ltr'>(lat.</span> <span class='ocrx_word' id='word_1_253' title='bbox 1078 3769 1156 3835; x_wconf 89' lang='lat' dir='ltr'>gen.</span> <span class='ocrx_word' id='word_1_254' title='bbox 1176 3748 1276 3837; x_wconf 82' lang='lat' dir='ltr'>pedis,</span> <span class='ocrx_word' id='word_1_255' title='bbox 1298 3771 1360 3816; x_wconf 91' lang='lat' dir='ltr'>scr.</span> <span class='ocrx_word' id='word_1_256' title='bbox 1380 3748 1499 3838; x_wconf 78' lang='lat' dir='ltr'>padds)</span> 
     </span>
     <span class='ocr_line' id='line_1_26' title="bbox 318 3863 1500 3955; baseline -0.003 -23"><span class='ocrx_word' id='word_1_257' title='bbox 318 3889 390 3955; x_wconf 90' lang='lat' dir='ltr'>quae</span> <span class='ocrx_word' id='word_1_258' title='bbox 404 3865 539 3954; x_wconf 85' lang='lat' dir='ltr'>gradum</span> <span class='ocrx_word' id='word_1_259' title='bbox 552 3865 736 3953; x_wconf 88' lang='lat' dir='ltr'>graviorem</span> <span class='ocrx_word' id='word_1_260' title='bbox 751 3864 783 3932; x_wconf 96' lang='grc' dir='ltr'>ΙΙ</span> <span class='ocrx_word' id='word_1_261' title='bbox 793 3865 858 3953; x_wconf 85' lang='lat' dir='ltr'>pod</span> <span class='ocrx_word' id='word_1_262' title='bbox 872 3864 994 3954; x_wconf 90' lang='lat' dir='ltr'>praebet</span> <span class='ocrx_word' id='word_1_263' title='bbox 1003 3864 1071 3954; x_wconf 88' lang='lat' dir='ltr'>(gr.</span> <span class='ocrx_word' id='word_1_264' title='bbox 1084 3887 1151 3932; x_wconf 88' lang='lat' dir='ltr'>acc.</span> <span class='ocrx_word' id='word_1_265' title='bbox 1163 3867 1256 3952; x_wconf 85' lang='grc' dir='ltr'>πόδα,</span> <span class='ocrx_word' id='word_1_266' title='bbox 1270 3886 1333 3932; x_wconf 89' lang='lat' dir='ltr'>scr.</span> <span class='ocrx_word' id='word_1_267' title='bbox 1345 3863 1500 3953; x_wconf 71' lang='lat' dir='ltr'>pat-dam)</span> 
     </span>
     <span class='ocr_line' id='line_1_27' title="bbox 319 3977 1496 4069; baseline 0.002 -21"><span class='ocrx_word' id='word_1_268' title='bbox 319 3982 418 4048; x_wconf 89' lang='lat' dir='ltr'>etiam</span> <span class='ocrx_word' id='word_1_269' title='bbox 434 3980 570 4069; x_wconf 88' lang='lat' dir='ltr'>gradum</span> <span class='ocrx_word' id='word_1_270' title='bbox 591 3979 684 4047; x_wconf 90' lang='lat' dir='ltr'>illum</span> <span class='ocrx_word' id='word_1_271' title='bbox 698 3981 883 4069; x_wconf 86' lang='lat' dir='ltr'>graviorem</span> <span class='ocrx_word' id='word_1_272' title='bbox 904 3978 953 4046; x_wconf 93' lang='lat' dir='ltr'>III</span> <span class='ocrx_word' id='word_1_273' title='bbox 961 3979 1026 4067; x_wconf 67' lang='lat' dir='ltr'>pud</span> <span class='ocrx_word' id='word_1_274' title='bbox 1042 3977 1172 4047; x_wconf 84' lang='lat' dir='ltr'>exhibet</span> <span class='ocrx_word' id='word_1_275' title='bbox 1189 3977 1278 4069; x_wconf 90' lang='lat' dir='ltr'>(dor.</span> <span class='ocrx_word' id='word_1_276' title='bbox 1299 4001 1394 4046; x_wconf 91' lang='lat' dir='ltr'>nom.</span> <span class='ocrx_word' id='word_1_277' title='bbox 1418 3981 1496 4068; x_wconf 78' lang='grc' dir='ltr'><strong><em>πώς,</em></strong></span> 
     </span>
     <span class='ocr_line' id='line_1_28' title="bbox 318 4093 1500 4187; baseline 0.002 -22"><span class='ocrx_word' id='word_1_278' title='bbox 318 4116 389 4185; x_wconf 89' lang='lat' dir='ltr'>got.</span> <span class='ocrx_word' id='word_1_279' title='bbox 412 4097 525 4187; x_wconf 76' lang='lat' dir='ltr'>fotus).</span> <span class='ocrx_word' id='word_1_280' title='bbox 552 4096 676 4165; x_wconf 88' lang='lat' dir='ltr'>Eadem</span> <span class='ocrx_word' id='word_1_281' title='bbox 700 4094 820 4164; x_wconf 86' lang='lat' dir='ltr'>vocalis</span> <span class='ocrx_word' id='word_1_282' title='bbox 843 4109 861 4162; x_wconf 81' lang='grc' dir='ltr'><em>ῦ</em></span> <span class='ocrx_word' id='word_1_283' title='bbox 884 4096 1025 4163; x_wconf 91' lang='lat' dir='ltr'>occurrit</span> <span class='ocrx_word' id='word_1_284' title='bbox 1049 4095 1083 4161; x_wconf 91' lang='lat' dir='ltr'>in</span> <span class='ocrx_word' id='word_1_285' title='bbox 1109 4097 1221 4182; x_wconf 89' lang='lat' dir='ltr'>graecis</span> <span class='ocrx_word' id='word_1_286' title='bbox 1243 4093 1361 4162; x_wconf 90' lang='lat' dir='ltr'>formis</span> <span class='ocrx_word' id='word_1_287' title='bbox 1380 4099 1500 4186; x_wconf 80' lang='grc' dir='ltr'>φωλεός</span> 
     </span>
     <span class='ocr_line' id='line_1_29' title="bbox 321 4209 1500 4306; baseline 0.002 -29"><span class='ocrx_word' id='word_1_288' title='bbox 321 4240 337 4277; x_wconf 88' lang='grc'>«</span> <span class='ocrx_word' id='word_1_289' title='bbox 356 4213 522 4282; x_wconf 86' lang='lat' dir='ltr'>latibulum</span> <span class='ocrx_word' id='word_1_290' title='bbox 540 4239 570 4297; x_wconf 79' lang='lat' dir='ltr'>a,</span> <span class='ocrx_word' id='word_1_291' title='bbox 585 4215 707 4306; x_wconf 80' lang='grc' dir='ltr'><strong>φωλάς,</strong></span> <span class='ocrx_word' id='word_1_292' title='bbox 726 4215 854 4303; x_wconf 73' lang='lat' dir='ltr'>palatiu</span> <span class='ocrx_word' id='word_1_293' title='bbox 876 4229 937 4279; x_wconf 90' lang='lat' dir='ltr'>cet.</span> <span class='ocrx_word' id='word_1_294' title='bbox 954 4209 990 4301; x_wconf 89' lang='lat' dir='ltr'>(a</span> <span class='ocrx_word' id='word_1_295' title='bbox 1005 4213 1106 4300; x_wconf 89' lang='lat' dir='ltr'>stirpe</span> <span class='ocrx_word' id='word_1_296' title='bbox 1121 4210 1232 4298; x_wconf 58' lang='lat' dir='ltr'>blatta-l</span> <span class='ocrx_word' id='word_1_297' title='bbox 1245 4209 1427 4300; x_wconf 86' lang='lat' dir='ltr'>derivatis),</span> <span class='ocrx_word' id='word_1_298' title='bbox 1443 4231 1500 4279; x_wconf 84' lang='lat' dir='ltr'>aut</span> 
     </span>
     <span class='ocr_line' id='line_1_30' title="bbox 319 4325 1500 4420; baseline -0.005 -20"><span class='ocrx_word' id='word_1_299' title='bbox 319 4329 440 4400; x_wconf 78' lang='grc' dir='ltr'>πλωῬω</span> <span class='ocrx_word' id='word_1_300' title='bbox 458 4355 474 4392; x_wconf 92' lang='lat'>«</span> <span class='ocrx_word' id='word_1_301' title='bbox 491 4330 607 4418; x_wconf 86' lang='lat' dir='ltr'>navigo</span> <span class='ocrx_word' id='word_1_302' title='bbox 625 4355 657 4409; x_wconf 82' lang='lat' dir='ltr'>u,</span> <span class='ocrx_word' id='word_1_303' title='bbox 676 4331 805 4420; x_wconf 67' lang='grc' dir='ltr'>πλωτήρ</span> <span class='ocrx_word' id='word_1_304' title='bbox 822 4345 969 4393; x_wconf 80' lang='lat' dir='ltr'>«vector</span> <span class='ocrx_word' id='word_1_305' title='bbox 986 4352 1017 4411; x_wconf 83' lang='lat' dir='ltr'>u,</span> <span class='ocrx_word' id='word_1_306' title='bbox 1031 4330 1162 4409; x_wconf 82' lang='grc' dir='ltr'>πλωτός</span> <span class='ocrx_word' id='word_1_307' title='bbox 1182 4351 1198 4390; x_wconf 86' lang='grc'>«</span> <span class='ocrx_word' id='word_1_308' title='bbox 1216 4345 1332 4395; x_wconf 90' lang='lat' dir='ltr'>natans</span> <span class='ocrx_word' id='word_1_309' title='bbox 1349 4353 1366 4390; x_wconf 77' lang='lat' dir='ltr'>o</span> <span class='ocrx_word' id='word_1_310' title='bbox 1383 4344 1446 4395; x_wconf 88' lang='lat' dir='ltr'>cet.</span> <span class='ocrx_word' id='word_1_311' title='bbox 1464 4325 1500 4417; x_wconf 89' lang='lat' dir='ltr'>(a</span> 
     </span>
     <span class='ocr_line' id='line_1_31' title="bbox 319 4439 1499 4533; baseline -0.003 -22"><span class='ocrx_word' id='word_1_312' title='bbox 319 4445 417 4533; x_wconf 90' lang='lat' dir='ltr'>stirpe</span> <span class='ocrx_word' id='word_1_313' title='bbox 435 4445 510 4533; x_wconf 67' lang='lat' dir='ltr'>plau</span> <span class='ocrx_word' id='word_1_314' title='bbox 534 4441 722 4531; x_wconf 89' lang='lat' dir='ltr'>derivatis);</span> <span class='ocrx_word' id='word_1_315' title='bbox 749 4464 822 4531; x_wconf 88' lang='lat' dir='ltr'>quae</span> <span class='ocrx_word' id='word_1_316' title='bbox 842 4441 998 4508; x_wconf 86' lang='lat' dir='ltr'>vocabula</span> <span class='ocrx_word' id='word_1_317' title='bbox 1021 4441 1092 4508; x_wconf 88' lang='lat' dir='ltr'>sine</span> <span class='ocrx_word' id='word_1_318' title='bbox 1112 4439 1213 4510; x_wconf 91' lang='lat' dir='ltr'>dubio</span> <span class='ocrx_word' id='word_1_319' title='bbox 1240 4464 1316 4509; x_wconf 89' lang='lat' dir='ltr'>cum</span> <span class='ocrx_word' id='word_1_320' title='bbox 1338 4440 1499 4510; x_wconf 89' lang='lat' dir='ltr'>radicibus</span> 
     </span>
     <span class='ocr_line' id='line_1_32' title="bbox 321 4557 1110 4647; baseline -0.003 -21"><span class='ocrx_word' id='word_1_321' title='bbox 321 4560 396 4646; x_wconf 76' lang='lat' dir='ltr'>lhep</span> <span class='ocrx_word' id='word_1_322' title='bbox 415 4587 432 4623; x_wconf 79' lang='lat' dir='ltr'>rr</span> <span class='ocrx_word' id='word_1_323' title='bbox 448 4583 515 4628; x_wconf 89' lang='lat' dir='ltr'>esse</span> <span class='ocrx_word' id='word_1_324' title='bbox 532 4586 548 4623; x_wconf 80' lang='lat' dir='ltr'>u</span> <span class='ocrx_word' id='word_1_325' title='bbox 566 4579 597 4627; x_wconf 90' lang='lat' dir='ltr'>et</span> <span class='ocrx_word' id='word_1_326' title='bbox 610 4557 683 4647; x_wconf 70' lang='lat' dir='ltr'>plau</span> <span class='ocrx_word' id='word_1_327' title='bbox 702 4583 718 4621; x_wconf 77' lang='lat' dir='ltr'>a</span> <span class='ocrx_word' id='word_1_328' title='bbox 738 4579 814 4625; x_wconf 90' lang='lat' dir='ltr'>nare</span> <span class='ocrx_word' id='word_1_329' title='bbox 830 4583 847 4621; x_wconf 70' lang='lat' dir='ltr'>r&gt;</span> <span class='ocrx_word' id='word_1_330' title='bbox 866 4576 1005 4646; x_wconf 91' lang='lat' dir='ltr'>cognata</span> <span class='ocrx_word' id='word_1_331' title='bbox 1019 4574 1110 4626; x_wconf 90' lang='lat' dir='ltr'>sunt.</span> 
     </span>
    </p>
   </div>
   <div class='ocr_carea' id='block_1_2' title="bbox 0 0 1899 5742">
    <p class='ocr_par' dir='ltr' id='par_1_10' title="bbox 0 0 1899 5742">
     <span class='ocr_line' id='line_1_33' title="bbox 0 0 1899 5742; baseline 0 0"><span class='ocrx_word' id='word_1_332' title='bbox 0 0 1899 5742; x_wconf 95' lang='lat' dir='ltr'> </span> 
     </span>
    </p>
   </div>
  </div>
 </body>
</html>
