3768 5742
829 917 1152 1028 ...53..‘

391 1079 511 1148 *Bredo
529 1105 545 1144 x
563 1099 688 1148 torrere
706 1107 739 1164 a,
754 1078 795 1147 ci.
812 1102 862 1167 gt.
882 1079 1018 1171 repa'bscv
1040 1106 1056 1144 a
1076 1080 1268 1148 comburere
1285 1105 1317 1164 u,
1333 1101 1410 1147 curn
1424 1082 1531 1151 radice

345 1207 402 1283 pr?
411 1194 459 1285 (¹)
475 1215 717 1285 comparatum,
735 1219 774 1262 ex
787 1217 850 1286 qua
863 1218 914 1284 gr.
932 1200 1091 1286 πίμπρημι
1108 1222 1124 1259 κ
1142 1194 1235 1276 inflo,
1253 1192 1394 1263 incendo
1414 1222 1444 1266 u.

394 1308 516 1380 ?*R2do
528 1336 544 1374 «
558 1311 813 1400 jubeam
828 1307 950 1376 suadeo
972 1334 988 1372 s
1010 1332 1086 1378 curn
1106 1309 1210 1379 radice
1229 1323 1262 1379 re
1285 1329 1529 1400 comparatum,

350 1424 438 1492 unde
452 1448 558 1514 germ.
574 1427 657 1516 *rdjo
673 1453 689 1490 u
709 1425 836 1514 remigo
853 1450 884 1490 a.

728 1763 766 1832 B.
782 1801 827 1812 -—
842 1763 891 1830 De
908 1761 1010 1829 vocali
1023 1762 1151 1832 radicis.

395 1985 488 2052 Dum
502 2006 620 2053 omnes
641 1984 763 2052 radices
775 1999 834 2052 'aut
852 2007 953 2051 unam
974 2005 1156 2051 consonam
1175 1981 1329 2051 exhibent
1348 2002 1405 2052 aut
1424 1985 1531 2075 plures

349 2123 422 2189 quae
436 2101 471 2167 in
487 2098 643 2167 omnibus
657 2098 822 2166 vocabulis
837 2096 875 2166 ab
891 2097 1005 2166 eadem
1023 2100 1122 2186 stirpe
1142 2095 1292 2165 derivatis
1314 2100 1449 2188 integrae
1463 2123 1532 2168 rna·

350 2234 444 2297 nent,
465 2214 595 2283 vocales
619 2217 717 2281 variae
740 2215 773 2281 in
795 2215 889 2281 variis
908 2213 1022 2281 formis
1041 2212 1189 2301 ejusdem
1213 2212 1302 2280 verbi
1325 2233 1381 2282 aut
1406 2215 1532 2285 casibus

350 2328 496 2416 ejusdem
517 2330 712 2399 substantivi
733 2329 864 2397 alternis
882 2329 1005 2397 vicibus
1027 2330 1187 2396 arcessitae
1206 2347 1371 2418 apparent.
1392 2331 1533 2399 Videtur

351 2447 439 2513 enim
461 2464 612 2514 accentus
635 2468 713 2513 cum
735 2444 862 2529 radicis,
890 2464 962 2512 tum
988 2443 1227 2512 terminationis
1251 2444 1355 2512 vocali
1384 2445 1532 2514 colorem

351 2561 468 2649 cuique
477 2584 589 2646 suum,
606 2579 643 2628 ut
658 2562 704 2628 ita
717 2561 835 2642 dicam,
853 2558 988 2628 dedisse.
1005 2561 1093 2627 Nam
1108 2561 1141 2627 in
1152 2582 1279 2650 quaque
1288 2559 1422 2648 syllaba,
1434 2583 1533 2650 prout

351 2675 526 2745 acuebatur
549 2687 605 2744 aut
630 2696 783 2744 accentus
807 2699 921 2766 expers
948 2695 1027 2759 erat,
1053 2675 1173 2743 vocalis
1202 2674 1305 2743 modo
1333 2679 1531 2765 graviorem,

350 2815 451 2882 quem
481 2811 614 2877 vocant,
640 2790 779 2881 gradum
805 2790 1017 2883 (horbam),
1043 2790 1144 2858 modo
1173 2789 1328 2858 leviorem
1352 2790 1534 2885 (tiefstufe)

350 2905 532 2976 obtinebat.
818 2898 823 2907 ’

397 3021 580 3112 Postquam
595 3041 708 3089 autem
723 3022 880 3089 Germani
894 3023 1033 3110 primam
1053 3044 1181 3110 semper
1202 3019 1357 3109 syllabam
1376 3022 1485 3111 stirpis
1498 3025 1532 3091 in

352 3135 508 3205 omnibus
522 3136 688 3205 vocabulis
704 3159 819 3204 acuere
835 3157 1086 3218 consueverunt,
1102 3135 1289 3205 vicissitudo
1304 3134 1358 3204 illa
1376 3138 1533 3224 gravioris

352 3269 385 3319 er
406 3252 537 3319 levioris
563 3252 673 3340 stirpis
702 3274 772 3319 non
797 3255 863 3340 jam
893 3251 1066 3320 discrimen
1089 3253 1177 3320 inter
1199 3249 1335 3338 syllabas
1363 3271 1471 3320 acutas
1499 3273 1533 3321 et

350 3389 502 3436 accentus
524 3387 670 3458 expertes
692 3367 803 3436 intulit
815 3395 825 3454 ;
847 3369 903 3437 sed
922 3393 997 3437 usus
1016 3371 1118 3438 varias
1139 3367 1266 3436 vocales
1288 3368 1384 3436 variis
1403 3389 1533 3458 tempo·

352 3483 441 3551 ribus
456 3486 668 3575 numerisque
688 3483 864 3552 verborum
885 3485 1010 3569 tribuit,
1025 3486 1070 3552 ita
1089 3504 1125 3552 ut
1145 3483 1330 3573 apophonia
1349 3483 1469 3552 vocalis
1484 3508 1532 3553 ra·

352 3600 432 3668 dicis
445 3599 548 3668 modo
564 3622 736 3688 praesensa
750 3601 913 3687 praeterito
929 3618 960 3667 et
980 3599 1147 3689 participio
1166 3601 1333 3689 praeteriti,
1351 3598 1453 3668 modo
1467 3603 1534 3670 sin·

351 3715 471 3803 gularis
488 3737 646 3782 numerus
664 3715 818 3805 praeteriti
841 3739 858 3782 a
881 3716 1043 3805 plurativo
1067 3735 1272 3804 segregatum
1292 3714 1400 3785 inerit.
1427 3716 1477 3785 Ita
1498 3718 1534 3786 in

353 3829 539 3919 germanica
563 3828 689 3916 lingua,
720 3831 811 3918 quasi
834 3832 931 3898 series
959 3829 1107 3920 quaedam
1137 3831 1329 3899 exstiterunt
1354 3831 1532 3914 vocalium,

353 3967 439 4035 quae,
454 3946 587 4013 alternis
600 3946 724 4012 vicibus
737 3946 909 4028 arcessitae,
924 3944 964 4014 ad
978 3944 1220 4014 informandam
1232 3947 1366 4036 stirpem
1376 3966 1408 4015 et
1416 3945 1534 4015 verbo-

352 4080 474 4128 tumet
489 4060 729 4129 vocabulorum
744 4084 762 4128 a
775 4060 952 4130 verbomm
967 4060 1125 4130 radicibus
1135 4061 1356 4131 derivatorum
1373 4084 1534 4152 usurpatae

353 4195 442 4244 sunt.
462 4177 574 4245 Liceat
589 4176 698 4259 nobis,
711 4177 851 4266 exempli
864 4179 979 4264 gratia,
992 4177 1131 4246 breviter
1141 4199 1303 4266 exponere
1318 4201 1391 4267 quae
1405 4177 1533 4248 vocales

353 4293 449 4360 variis
468 4290 583 4360 formis
607 4292 805 4360 adverbum
830 4293 1066 4382 pcrtinentibus
1090 4290 1275 4360 tribuantur
1298 4293 1332 4359 in
1356 4295 1437 4362 serie
1460 4318 1534 4385 quae

354 4409 514 4496 majorem
529 4425 654 4497 partem
675 4408 852 4476 verbomm
872 4407 1069 4490 validorum,
1091 4431 1163 4498 quae
1185 4407 1349 4490 dicuntur,
1366 4409 1533 4498 complec-

353 4523 446 4604 titur,
463 4524 497 4592 in
513 4522 574 4590 hac
589 4522 711 4590 scilicet
726 4546 799 4613 quae
814 4546 873 4613 pro
889 4522 989 4612 gradu
1004 4525 1153 4611 graviore
1168 4522 1183 4590 I
1197 4522 1346 4591 vocalem
1362 4524 1530 4595 eexhibet.

391 4859 415 4901 1.
428 4845 551 4901 Verbum
561 4845 672 4902 *bre-do
682 4848 763 4902 docet
772 4849 881 4903 Noreen
891 4866 923 4904 err
934 4849 1100 4922 reduplicato
1111 4863 1241 4922 praesenre
1251 4848 1375 4906 indoeur.
1388 4847 1531 4922 *pi-primi,

353 4948 440 5004 germ.
455 4933 564 5003 *Mrem
582 4935 691 5005 efi-br'ln
706 4934 800 5006 (unde,
817 4937 951 5008 analogiae
966 4937 1037 5008 lege,
1054 4937 1176 5003 *bi-uren,
1192 4934 1277 5006 *br·?n)
1288 4938 1380 4993 addito
1395 4938 1533 4994 elemento

353 5021 370 5073 d
384 5033 477 5075 ortum
492 5040 550 5078 esse
563 5022 700 5097 (Urgcrm.
712 5024 797 5094 judi,
813 5043 838 5096 p.
858 5028 929 5095 142).
