3768 5742
840 877 1061 944 -31..

404 1019 483 1110 b)A
504 1020 605 1088 verbo
624 1018 708 1088 baon
731 1045 748 1083 «
771 1017 913 1087 habitare
931 1045 947 1082 a
969 1016 1071 1085 flectit
1096 1015 1246 1086 otfrid:
1267 1038 1281 1105 3
1304 1017 1348 1108 pl.
1370 1043 1402 1109 p.
1426 1020 1541 1090 biruun

360 1134 400 1226 (i.
418 1159 447 1204 e.
464 1136 641 1227 biruwun),
660 1135 719 1219 IV,
737 1159 773 1222 4,
793 1156 831 1223 59
847 1154 878 1203 et
895 1136 1011 1223 asing.
1025 1154 1095 1223 opt.
1107 1158 1140 1223 p.
1154 1132 1323 1226 biruuis(i.
1337 1159 1366 1203 e.
1380 1136 1538 1229 biruwis),

361 1253 408 1338 ΙΙ,
424 1275 458 1341 7,
478 1256 529 1323 18.

406 1368 438 1459 c)
452 1369 482 1435 A
496 1367 595 1436 verbo
615 1368 748 1456 bluozan
772 1392 789 1431 r<
814 1365 986 1433 immolare
1004 1389 1020 1427 a
1041 1383 1217 1452 supersunt
1232 1365 1384 1434 derivatae
1402 1366 1538 1434 formae:

364 1503 379 1570 3
408 1482 453 1572 pl.
478 1483 547 1551 ind.
571 1506 605 1572 p.
625 1484 800 1573 plerurrun
825 1480 1086 1563 «adolerent»,
1116 1499 1130 1566 3
1158 1502 1184 1546 s.
1212 1499 1281 1568 opt.
1310 1507 1342 1570 p.
1366 1483 1543 1571 capleruzp·

364 1625 380 1660 a
398 1600 585 1674 immolaret
603 1624 635 1682 a,
657 1623 729 1688 quae
749 1600 783 1665 in
803 1596 946 1664 diutiscis
963 1593 1080 1683 glossis
1104 1593 1167 1662 Rb.
1192 1591 1249 1661 fol.
1271 1597 1341 1682 84¹³,
1357 1596 1406 1665 Bl.
1424 1596 1481 1666 fol.
1512 1600 1542 1666 1b

361 1713 420 1805 (cf.
437 1714 525 1782 Abd.
549 1714 687 1795 Glossen,
706 1713 734 1798 1,
752 1735 831 1799 409,
854 1711 912 1801 18)
922 1709 1146 1778 inveniuntur.

407 1829 587 1918 d)Praebet
602 1829 738 1898 verbum
759 1843 863 1916 staron
888 1829 1016 1894 tertiam
1038 1848 1124 1915 pers.
1145 1827 1229 1915 sing.
1251 1825 1320 1895 ind.
1345 1851 1377 1917 p.
1399 1829 1545 1898 biscrerot

344 1923 381 2008 a<
398 1942 513 2012 incidit
532 1971 564 2029 a,
580 1943 719 2011 verbum
733 1957 853 2011 scrotan
875 1943 1004 2009 tertiam
1024 1963 1108 2031 pers.
1132 1943 1218 2030 sing.
1237 1941 1305 2010 ind.
1329 1967 1361 2031 p.
1383 1958 1545 2033 unostero(

366 2086 383 2124 a
402 2060 627 2149 impingebant
638 2058 684 2150 (¹)
702 2084 738 2141 u;
755 2083 787 2124 v.
800 2056 863 2127 Rd.
875 2056 1012 2141 foi.8o¹’,
1025 2056 1100 2139 81¹'3
1119 2056 1160 2124 cf.
1171 2057 1259 2125 Aba
1273 2058 1411 2141 Glauco,
1423 2060 1452 2142 1,
1464 2063 1541 2144 281,

364 2179 404 2263 65
419 2203 430 2261 ;
449 2179 528 2261 282,
546 2196 605 2264 52:
624 2199 698 2266 quae
710 2173 827 2262 glossae
840 2196 879 2240 ex
893 2171 1005 2240 codice
1021 2171 1071 2240 Rd
1085 2174 1119 2239 in
1135 2172 1282 2240 codicem
1294 2172 1334 2259 Jb
1345 2178 1545 2266 transcriptae

363 2310 461 2360 sunt:
481 2290 661 2360 «incidit»
684 2290 830 2358 kiskrerot
845 2287 920 2380 (fol.
943 2288 1015 2380 95⁶)
1026 2315 1036 2374 ;
1062 2313 1078 2351 <r
1100 2288 1359 2377 impingebant»
1384 2307 1546 2381 onustam<

363 2407 454 2498 quod
470 2427 582 2498 postea
596 2410 631 2475 in
646 2421 863 2493 anasterorun,
882 2423 1047 2472 mutatum
1061 2425 1110 2472 est
1124 2404 1199 2494 (fot.
1218 2405 1301 2496 96b).

409 2521 539 2589 Formae
563 2522 708 2590 kiscrerot
725 2540 758 2588 et
780 2534 941 2606 annuero(
959 2519 1200 2610 (anasterozun)
1222 2522 1255 2587 in
1283 2521 1401 2589 eodem
1433 2523 1545 2591 codice

363 2657 511 2725 repertae,
531 2639 611 2727 quin
625 2635 665 2705 ab
687 2635 804 2703 eodem
822 2637 980 2723 scriptore
996 2633 1080 2702 fictae
1100 2636 1167 2701 sint
1186 2637 1240 2702 vix
1259 2636 1405 2705 dubitare
1424 2641 1540 2727 possis.

364 2751 428 2819 Sed
455 2773 486 2821 et
506 2750 650 2820 formam
674 2751 845 2839 plerurrun
869 2769 902 2817 et
925 2748 1063 2816 fortasse
1085 2752 1262 2838 capierurai
1286 2749 1462 2820 abeodem
1486 2753 1542 2821 illo

363 2869 520 2957 scriptore
545 2887 685 2935 creatam
708 2866 806 2934 fuisse
825 2865 1020 2933 monstravit
1039 2866 1226 2954 nuperrime
1251 2865 1395 2933 Zamcke
1424 2866 1540 2958 (Beitr.

365 2983 443 3063 XV,
472 3003 535 3071 350
558 2980 662 3072 sqq.).
694 2981 773 3047 Haec
795 2982 892 3068 igitur
919 2980 1082 3069 praeterira
1106 3001 1290 3046 consonam
1313 3005 1331 3048 r
1353 2980 1541 3069 praebentia,

364 3099 526 3166 rarissima
538 3097 638 3165 fuisse
651 3095 804 3164 videntur
817 3118 893 3163 cum
908 3096 961 3186 (ut
976 3094 1017 3162 de
1030 3098 1167 3176 scrirun,
1183 3097 1304 3183 spirim,
1325 3114 1387 3163 cet.
1405 3116 1541 3180 taceam,

365 3237 438 3304 quae
460 3238 478 3281 a
500 3215 607 3282 verbis
628 3212 710 3280 flexa
731 3231 808 3280 sunt
832 3234 975 3302 quorum
997 3211 1198 3300 praeteritum
1218 3234 1286 3279 non
1307 3211 1542 3302 reduplicatum

364 3329 421 3396 sed
436 3351 493 3418 per
509 3328 729 3418 apophoniam
745 3326 959 3395 informatum
979 3348 1048 3395 esse
1070 3325 1171 3415 solet)
1191 3324 1229 3393 ab
1252 3325 1387 3394 otfrido
1412 3348 1542 3398 tanturn

364 3463 398 3510 et
412 3467 430 3512 a
443 3443 601 3532 scriptore
620 3441 764 3532 quodam
783 3443 900 3531 ignoto
921 3442 1135 3509 allemannico
1156 3460 1309 3530 usurpata
1326 3441 1459 3512 fuerint.
1479 3447 1543 3514 Vix

364 3559 565 3629 credendum
589 3580 637 3627 est
655 3561 756 3647 igitur
772 3573 870 3646 steroz
895 3582 934 3626 ex
959 3558 1158 3647 reduplicato
1178 3562 1341 3647 praeterito
1364 3561 1539 3650 *ste-(aute,

359 3677 546 3766 pleruzzun,
566 3677 743 3764 capierurri
760 3674 837 3764 (pro
856 3674 1080 3765 *ple-qurun),
1100 3697 1139 3741 ex
1159 3674 1387 3758 *bie-blatum,
1404 3680 1539 3762 scriram,

362 3796 485 3882 spirun,
503 3813 583 3877 cet.,
599 3813 639 3858 ex
655 3791 840 3880 *sieri-pinu,
857 3791 1044 3879 *spe-zume,
1062 3790 1221 3872 biruwun,
1241 3790 1371 3860 biruwis
1386 3791 1463 3883 (pro
1478 3794 1543 3863 *be-

259 3957 262 3964 ·
365 3909 510 4000 buwun),
528 3933 568 3977 ex
587 3908 796 3976 *be-bawumc
818 3926 891 3974 orta
911 3930 991 3975 esse.
1014 3905 1078 3974 Sed
1097 3907 1342 3976 assentiendum
1368 3931 1417 3978 est
1433 3913 1544 4000 potius

364 4025 441 4092 viris
456 4024 562 4092 doctis
579 4023 784 4107 Lachmann,
802 4022 932 4090 Grimm
949 4040 982 4089 et
996 4021 1142 4090 Zarncke
1156 4023 1212 4112 qui
1233 4045 1414 4091 consonam
1428 4051 1446 4093 r
1460 4027 1546 4094 inter

363 4140 523 4209 vocalesc
541 4158 573 4207 et
594 4163 611 4207 0
630 4160 688 4207 aut
708 4163 728 4206 u
749 4137 922 4226 euphoniae
943 4161 1037 4206 causa
1060 4139 1286 4228 interpositam
1309 4158 1342 4207 et
1363 4154 1462 4228 steror
1478 4143 1545 4230 ple·

364 4279 496 4344 rurrun,
515 4275 579 4322 cet.
596 4278 635 4322 ex
648 4269 739 4342 steor,
755 4255 921 4342 pleurrun,
940 4255 1112 4342 capleurzi,
1129 4251 1271 4335 biuwun,
1290 4254 1414 4337 biuwis,
1425 4259 1543 4338 sarion,

364 4373 451 4460 spien
467 4389 540 4438 orta
553 4391 623 4438 esse
637 4369 768 4438 docent.
787 4370 886 4438 Haud
899 4368 959 4437 alia
974 4367 1044 4458 lege
1060 4369 1254 4437 exstiterunt
1267 4370 1301 4436 in
1312 4373 1546 4441 recentioribus

365 4484 511 4553 dialectis
526 4484 712 4552 Germaniae
724 4481 859 4552 formae:
878 4484 1050 4550 istra-ret
1071 4508 1087 4545 α
1109 4481 1162 4550 ich
1178 4501 1301 4552 streute
1320 4511 1352 4567 u,
1369 4485 1415 4554 bis
1431 4491 1547 4554 rue-r-a'

406 4859 430 4899 r.
447 4843 628 4915 impingebant
642 4841 743 4897 menda
758 4841 852 4896 scribae
870 4854 910 4897 est
924 4859 974 4914 pro
994 4842 1151 4914 impingebat
1164 4843 1192 4913 («
1208 4842 1378 4914 impingebat
1393 4843 1420 4898 in
1435 4844 1504 4898 ostia
1521 4864 1548 4909 a,

368 4931 390 4996 1,
406 4930 476 5001 Reg.
493 4945 539 4997 21,
557 4931 610 5001 13)-

476 5050 514 5090 οε
532 5050 641 5092 vennas.
1425 5035 1441 5090 6
