3768 5742
808 939 1032 1005 ,66-

326 1091 413 1142 mata
428 1075 593 1164 praebent3
610 1097 710 1165 quam
726 1098 797 1144 rem
812 1077 968 1167 exemplis
982 1078 1177 1148 confirmare
1191 1078 1327 1148 fortasse
1345 1101 1416 1148 non
1429 1078 1507 1147 utile

324 1194 396 1260 erit.

368 1306 403 1397 b)
418 1307 529 1375 Vocali
544 1321 562 1375 o
576 1309 746 1397 promissae
759 1309 947 1399 (praegerm.
965 1309 1002 1400 ᾶ)
1017 1334 1091 1400 quae
1104 1312 1137 1378 in
1153 1311 1306 1401 praereriti
1320 1311 1421 1399 stirpe
1434 1333 1505 1378 ver·

323 1427 441 1495 borum
457 1425 639 1495 validorum
654 1449 752 1496 sextae
767 1427 873 1496 classis
892 1449 1022 1519 apparet
1041 1429 1131 1521 (ule,
1157 1429 1257 1519 *solc)
1276 1426 1451 1518 respondet
1469 1429 1504 1496 in

321 1543 421 1630 stirpe
435 1540 712 1631 reduplicatorum
728 1544 969 1631 praeteritorum
983 1543 1134 1612 vocalisa
1149 1544 1254 1613 brevis
1264 1543 1454 1635 (praegerm.
1466 1541 1504 1634 ἅ)

322 1656 495 1749 [Ὓι-Ῑαῷι,
522 1657 684 1739 *he-haita,
707 1657 894 1750 *se-staura}
920 1659 1035 1750 Itaque
1055 1659 1266 1748 judicandum
1288 1679 1336 1728 est
1356 1659 1502 1728 vocalem

320 1775 514 1863 promissam
529 1794 699 1862 praegerm.
719 1785 749 1852 ᾶ,
762 1772 913 1861 subjectis
923 1773 1048 1841 duabus
1060 1777 1228 1859 consonis,
1240 1776 1275 1842 in
1286 1783 1306 1842 ᾶ
1318 1794 1502 1864 correptam

317 1887 426 1956 fuisse.
437 1888 496 1955 Vir
509 1886 625 1954 doctus
640 1887 831 1976 Brugmann
853 1912 914 1956 nos
934 1887 1046 1957 docuit
1065 1889 1151 1957 haud
1172 1888 1265 1957 aliter
1285 1889 1436 1958 vocalem
1453 1891 1502 1957 in·

318 2002 546 2093 doeuropaeam
560 2026 577 2069 o
590 2005 625 2070 in
639 2005 822 2072 sanseritica
838 2003 948 2093 lingua
958 2025 1034 2073 ante
1049 2004 1127 2072 duas
1137 2027 1301 2073 consonas
1312 2013 1455 2093 positam
1465 2007 1501 2073 in

318 2127 338 2185 ᾶ
352 2117 459 2208 (velut
473 2119 506 2185 in
522 2118 673 2186 vra-varta
689 2145 706 2182 <r
723 2121 820 2186 vertit
839 2145 870 2200 n,
881 2119 1070 2187 ta-stdmbha
1087 2147 1103 2185 r<
1120 2119 1210 2188 fulsit
1228 2120 1277 2209 a),
1292 2138 1369 2188 ante
1384 2141 1503 2188 conso·

319 2257 394 2301 nam
419 2234 601 2323 simplicem
625 2236 660 2301 in
684 2246 705 2300 ᾶ
728 2234 835 2324 (velut
860 2236 893 2302 in
921 2236 1086 2304 dri-dhara
1112 2263 1128 2300 «
1151 2236 1292 2304 firmavit
1315 2261 1351 2319 n,
1372 2237 1502 2326 ja-jdna

320 2376 335 2412 a
348 2351 461 2434 genuit
472 2375 504 2431 a,
517 2367 756 2417 commutatam
770 2349 879 2418 fuisse.
896 2375 928 2415 v.
944 2349 1096 2435 Osthoff,
1108 2351 1159 2418 M.
1177 2351 1217 2419 U.
1230 2351 1259 2433 I,
1276 2353 1356 2440 238,
1371 2353 1473 2418 Anm.
1488 2375 1498 2433 ;

318 2461 410 2544 Paul,
426 2462 523 2530 Beitr.
541 2462 601 2546 VI,
623 2482 702 2550 1²33
723 2462 927 2551 Brugmann,
945 2463 1130 2547 Grundrirs,
1147 2465 1177 2549 I,
1193 2465 1211 2556 §
1226 2467 1281 2553 78.

361 2578 392 2669 c)
418 2578 464 2645 Ut
488 2579 522 2645 in
547 2579 715 2666 participio
740 2579 892 2667 praeteriti
916 2601 1021 2666 germ.
1047 2580 1201 2669 *galanas
1225 2606 1241 2643 (ι
1261 2577 1389 2648 datus»
1410 2578 1498 2670 (got.

314 2693 443 2783 gibons)
457 2692 576 2760 vocalis
598 2717 625 2774 c,
648 2694 693 2761 ita
710 2694 744 2760 in
768 2693 936 2782 participio
958 2716 1063 2781 germ.
1084 2693 1234 2763 *sahanas
1252 2692 1373 2762 vocalis
1391 2715 1412 2760 a
1431 2716 1501 2761 non

313 2807 450 2897 gradum
464 2809 648 2898 graviorem
663 2808 678 2875 I
693 2806 750 2875 sed
765 2806 950 2875 levioreml
972 2807 1153 2876 obtinuisse
1171 2807 1312 2877 videtur.
1337 2807 1501 2875 Eumdem

314 2922 433 2990 vocalis
457 2922 596 3011 gradum
619 2923 826 3012 participium
853 2923 1020 3014 *foldanas
1044 2922 1181 2991 fortasse
1211 2922 1346 3013 praebet,
1374 2923 1500 3012 inquo

314 3038 432 3127 syllaba
451 3038 485 3104 al
511 3061 529 3104 e
553 3060 725 3126 praegerm.
751 3031 764 3108 l
788 3031 944 3128 (spitum)
969 3057 1040 3105 orta
1064 3061 1134 3105 esse
1158 3037 1288 3107 videtur
1312 3036 1362 3128 (v.
1392 3038 1500 3123 Brug-

315 3177 428 3236 mann,
453 3152 639 3232 Grundriss,
667 3153 696 3234 I,
723 3152 850 3242 §3063
877 3151 996 3239 Kluge,
1023 3151 1196 3220 Grundriss
1215 3151 1249 3218 d.
1276 3151 1308 3221 d.
1336 3151 1438 3232 Phil„
1468 3152 1498 3234 I,

313 3293 344 3357 p.
365 3267 465 3358 350);
486 3267 565 3334 dum
579 3266 676 3334 verba
691 3267 770 3347 *alo
788 3267 901 3347 *haita
918 3269 1047 3349 *starum
1071 3267 1227 3357 analogiae
1244 3267 1328 3354 lege,
1345 3265 1496 3335 eamdem

311 3385 456 3452 vocalem
471 3407 491 3450 a
505 3385 539 3450 in
555 3384 723 3471 participio
740 3383 893 3472 praeteriti
908 3383 1047 3464 *aionon
1065 3383 1238 3464 *haitanas,
1257 3385 1446 3465 *stautanas,
1464 3405 1497 3450 et

311 3501 344 3567 in
361 3519 518 3588 praesente
532 3497 699 3566 exhibent.

354 3615 480 3683 Gradus
495 3615 596 3682 levior
611 3615 625 3680 l
640 3614 760 3682 vocalis
775 3615 809 3681 in
823 3615 923 3703 stirpe
936 3603 990 3698 wl,
1014 3625 1062 3699 w}
1082 3612 1204 3704 (germ.
1230 3611 1403 3700 *wal-mir,
1426 3634 1490 3679 scr.

310 3735 410 3799 rar-mi
426 3757 442 3794 r
459 3729 576 3798 fluctus
593 3729 631 3819 a)
646 3750 678 3797 et
691 3731 727 3796 in
740 3727 901 3818 adjectivo
916 3729 1036 3796 verbali
1051 3719 1171 3816 *sil-tels
1189 3728 1312 3818 (germ.
1335 3728 1493 3816 *ga-stal-

308 3844 365 3912 das
390 3846 480 3934 «qui
503 3861 606 3927 tenet,
631 3842 776 3933 possidet
798 3842 834 3933 a)
860 3843 1013 3911 occurrit.
1039 3843 1129 3910 Nam
1153 3843 1187 3908 in
1209 3842 1400 3931 germanico
1419 3841 1491 3931 *ga-

307 3959 546 4029 staldas'media
559 3961 581 4027 d
596 3961 630 4026 in
644 3961 719 4027 loco
736 3958 976 4048 indoeuropaeae
986 3959 1095 4026 tenuis
1107 3974 1120 4027 t
1131 3978 1262 4049 apparet
1279 3981 1287 4025 τ
1307 3957 1493 4047 undepatet

308 4076 575 4143 terminationem
607 4075 758 4164 primitus
786 4093 915 4141 acutam
946 4073 1061 4155 fuisse,
1093 4094 1125 4141 et
1155 4075 1309 4163 stirpem,
1338 4093 1491 4141 accentus

307 4210 489 4279 expertem,
516 4213 584 4257 non
609 4187 747 4277 gradum
769 4189 953 4278 graviorem
977 4186 1032 4256 sed
1057 4189 1165 4277 potius
1189 4187 1346 4255 leviorem
1369 4187 1490 4254 vocalis

307 4306 491 4395 praebuisse.
506 4305 604 4374 Haud
614 4306 705 4374 aliter
714 4307 749 4372 in
760 4303 865 4373 verbis
874 4304 985 4372 *haldo
996 4330 1012 4367 u
1025 4323 1121 4372 teneo
1135 4331 1166 4389 a,
1178 4303 1300 4372 *waldo
1310 4330 1327 4367 «
1340 4324 1443 4389 regno
1455 4327 1487 4386 a,

305 4420 427 4488 *skuldo
448 4447 465 4484 ‹<
484 4410 600 4488 navem
625 4419 710 4487 duco
729 4445 760 4503 a,
784 4418 911 4506 *spalda
935 4444 951 4482 <r
972 4415 1110 4486 diffindo
1133 4444 1164 4501 »,
1187 4416 1329 4486 mediam
1349 4416 1370 4481 d
1392 4434 1449 4483 aut
1471 4439 1489 4482 e

305 4561 475 4627 praegerm.
491 4537 534 4603 alh
548 4535 705 4627 (*luildlro,
718 4534 869 4615 *woldhn
892 4534 974 4625 cet.)
988 4554 1057 4615 aut,
1076 4553 1210 4602 accentu
1227 4558 1245 4601 e
1261 4535 1361 4621 stirpe
1374 4533 1409 4600 in
1426 4552 1489 4600 ter·

305 4653 521 4719 minationem
550 4648 703 4731 cadente,
733 4672 751 4715 e
776 4671 945 4737 praegerm.
973 4639 1112 4737 t(*k1tc5,
1143 4639 1244 4736 *wltzi
1272 4647 1356 4737 cet.)
1380 4665 1487 4715 ortam

305 4789 373 4834 esse
388 4766 529 4855 judicare
543 4767 658 4856 possis.
677 4764 716 4833 In
734 4765 783 4833 his
798 4765 896 4854 igitur
910 4764 1017 4831 verbis
1036 4766 1205 4854 praesentis
1228 4765 1326 4853 stirps
1345 4782 1402 4830 aut
1416 4783 1488 4850 gra-

304 4880 384 4947 dum
400 4883 585 4968 graviorem
600 4882 614 4947 l
629 4879 832 4968 autgradum
843 4877 1002 4946 leviorem
1022 4879 1038 4945 I
1058 4879 1178 4948 vocalis
1197 4880 1332 4967 accepit.
1353 4879 1487 4945 Notan-

246 4973 250 4981 ⁸
304 4995 384 5064 dum
400 5017 447 5065 est
458 4996 599 5087 denique
614 4996 752 5065 verbum
762 5017 869 5087 germ.
881 4994 992 5064 *wallo
1001 5016 1062 5083 pro
1073 4995 1209 5064 *wal-no
1220 5019 1237 5058 «
1250 4994 1353 5062 bullio
1366 5019 1398 5074 a,
1410 5015 1486 5061 cum
