3768 5742
762 933 985 999 ..36-

330 1072 379 1140 Ita
393 1074 428 1140 in
448 1071 728 1140 Scandinavorum
750 1072 861 1159 lingua
877 1093 909 1141 et
929 1072 1073 1142 dialectis
1097 1074 1282 1142 Germaniae
1302 1072 1459 1141 occiden-

280 1187 350 1255 talis
365 1207 441 1256 nata
464 1207 511 1256 est
532 1210 619 1256 nova
642 1187 749 1256 forma
770 1189 936 1277 praeteriti,
961 1213 1035 1279 quae
1054 1191 1188 1279 stirpem
1212 1211 1269 1279 pet
1282 1189 1460 1257 vocalemc

281 1318 337 1369 aut
351 1301 482 1370 brevem
497 1322 553 1371 aut
567 1303 776 1394 promissam,
792 1319 850 1371 aut
871 1327 928 1394 per
946 1303 1168 1394 diphtongum
1190 1329 1227 1373 eu
1247 1305 1459 1373 informatam

281 1414 412 1505 praebet.

330 1553 360 1599 1.
385 1533 415 1598 A
439 1534 606 1621 praeteritis
630 1531 739 1600 ordiar
763 1533 797 1600 in
826 1533 943 1623 quibus
970 1535 1065 1624 stirps
1092 1536 1245 1624 praeteriti
1273 1533 1420 1603 vocalem
1445 1547 1462 1602 ῑ

282 1646 412 1736 praebet.
439 1648 552 1730 Quam
574 1648 720 1716 vocalem
734 1661 810 1731 2²,a
833 1648 937 1717 vocali
959 1654 1144 1738 germanica
1167 1664 1193 1720 2¹
1217 1651 1403 1720 distinctam
1414 1649 1462 1741 (¹)

282 1762 397 1854 (quam
412 1763 662 1852 anglosaxonica
676 1785 708 1832 et
720 1763 827 1831 frisica
843 1763 952 1853 lingua
966 1766 1000 1832 in
1016 1775 1042 1830 ῖὲ
1056 1785 1111 1833 aut
1127 1779 1154 1848 ε’,
1179 1765 1460 1834 Scandinavorum

283 1877 392 1964 lingua
408 1898 439 1945 et
454 1900 568 1947 ceterae
581 1877 708 1947 dialecti
724 1879 911 1947 Germaniae
927 1878 1135 1948 occidentalis
1150 1883 1183 1948 in
1198 1895 1219 1948 a
1233 1879 1462 1970 commutant)

285 2018 401 2062 omnes
428 1995 555 2065 dialecti
584 1997 771 2064 Germaniae
798 1997 959 2084 integram
988 2015 1134 2080 servant,
1167 2017 1299 2087 excepta
1327 1997 1463 2066 diutisca

284 2111 395 2198 lingua
409 2136 481 2202 quae
494 2123 523 2180 2²
545 2114 578 2180 in
601 2135 650 2194 eo,
678 2115 723 2193 ia,
749 2115 788 2194 ie,
814 2115 923 2180 vertit.
941 2113 1098 2182 Vocalem
1120 2126 1149 2182 e'2
1167 2134 1296 2182 acutam
1315 2114 1461 2205 praebent

286 2250 362 2295 cum
388 2229 580 2317 paucissima
602 2229 788 2316 germanica
810 2228 967 2296 vocabula
990 2229 1127 2319 (scilicet
1148 2231 1202 2299 hir
1224 2232 1310 2300 ubic
1331 2257 1364 2316 a,
1389 2250 1460 2319 got.

282 2343 357 2431 [ἕνα
387 2369 403 2405 «
426 2347 527 2433 μέρος,
556 2348 657 2435 κλίμα
676 2369 707 2425 u,
734 2341 810 2412 ahd.
827 2343 928 2432 flata,
957 2343 1032 2412 ahd.
1055 2349 1121 2434 (eri
1140 2349 1265 2433 atari«
1297 2346 1393 2414 decus
1426 2372 1463 2428 a,

286 2470 368 2526 sciro
388 2479 490 2526 scearo
517 2484 533 2522 «
556 2457 638 2526 celer
660 2456 709 2547 a),
722 2477 805 2526 turn.
818 2459 979 2528 nonnulla
1001 2460 1157 2529 vocabula
1182 2485 1255 2552 quae
1279 2461 1465 2551 germanica

288 2571 398 2660 lingua
419 2597 436 2640 e
459 2572 557 2642 latina
576 2573 770 2662 desumpsit,
788 2574 894 2641 sicut:
917 2592 985 2661 got.
1010 2573 1054 2664 pl.
1074 2575 1194 2643 Kriltos
1211 2575 1284 2665 (lat.
1312 2574 1464 2664 Graecos),

289 2702 362 2771 tais,
384 2688 458 2759 abd.
480 2712 563 2758 meas
577 2688 650 2780 (lat.
669 2687 803 2778 minsa),
820 2687 896 2756 abd.
911 2688 1009 2781 *larifi
1031 2689 1130 2778 brias,
1155 2689 1243 2780 brief
1263 2688 1337 2780 (lat.
1362 2688 1466 2779 breve)

290 2822 351 2871 cet.
371 2803 418 2893 (v.
437 2803 565 2890 Singer,
580 2802 680 2869 Beier.-
696 2801 760 2885 XI,
772 2822 851 2891 293,
864 2802 967 2893 sqq).
978 2801 1115 2871 Videtur
1130 2827 1169 2871 ex
1180 2805 1278 2872 altera
1288 2825 1380 2893 parte
1394 2826 1466 2893 ger·

292 2920 418 2985 manica
429 2931 456 2984 e⁷¹
472 2920 506 2985 in
516 2915 644 3005 syllabis
660 2935 813 2984 accentus
828 2915 1011 3004 expertibus
1026 2941 1267 3008 nonnunquam
1282 2920 1316 2988 in
1336 2931 1365 2987 2²
1381 2921 1471 2986 auti

293 3052 417 3100 mutata
432 3055 500 3100 esse
509 3033 567 3123 (²)
589 3033 742 3121 Denique
764 3031 1090 3099 animadvertendum
1113 3052 1162 3100 est
1183 3032 1465 3100 Scandinavorum

292 3149 438 3238 linguam
456 3169 488 3216 et
506 3147 662 3218 dialectos
680 3148 866 3215 Germaniae
883 3147 1090 3215 occidentalis
1111 3146 1353 3238 diphtlmngum
1376 3150 1412 3216 ai
1433 3150 1468 3216 in

294 3262 422 3350 syllabis
436 3282 586 3332 accentus
597 3261 780 3353 expertibus
794 3263 829 3330 in
844 3273 873 3329 5²
892 3280 1028 3343 vertere,
1052 3263 1142 3353 quod
1162 3264 1238 3331 satis
1262 3262 1471 3333 demonstra-

294 3379 382 3447 bitur
399 3380 425 3446 si
446 3381 516 3469 quis
531 3378 675 3446 conferet
688 3401 794 3467 germ.
818 3378 1019 3446 *blind-aimi
1039 3404 1056 3442 <t
1074 3380 1197 3446 caecis»
1220 3399 1291 3467 got.
1317 3379 1472 3447 blindaim

298 3517 374 3561 cum
388 3494 461 3563 abd.
484 3495 622 3576 liliatam,
641 3514 697 3562 aut
711 3513 784 3581 got.
801 3493 861 3584 pai
877 3519 894 3557 «
914 3491 948 3561 hi
965 3519 996 3576 n,
1012 3492 1102 3583 paim
1121 3519 1137 3557 a
1155 3493 1204 3562 bis
1222 3519 1238 3558 a
1255 3517 1330 3562 cum
1346 3492 1422 3562 ahd.
1437 3494 1475 3561 de

297 3611 353 3677 dia
367 3610 428 3691 die,
445 3610 515 3677 dim
530 3609 620 3677 deam
635 3610 731 3676 diem.
750 3648 796 3660 -
810 3632 843 3674 v.
861 3609 1066 3696 Brugmann,
1086 3608 1270 3691 Grundriss,
1290 3609 1318 3691 1,
1334 3608 1420 3700 §83.

342 3725 497 3793 Vocalem
512 3735 540 3792 2²
556 3723 661 3792 verbis
677 3721 827 3790 secundae
837 3723 945 3790 classis
959 3724 992 3789 in
1003 3724 1156 3811 praeteriti
1171 3724 1269 3812 stirpe
1283 3724 1476 3813 plerumque

299 3838 441 3908 adhiberi
455 3840 552 3929 paulo
569 3841 715 3929 superius
728 3836 883 3906 vidimus.
906 3837 954 3904 Ex
976 3859 1081 3926 germ.
1103 3837 1257 3905 *hl-loire
1277 3864 1294 3902 <t
1312 3841 1426 3907 vocavi
1443 3865 1475 3919 a,

298 3956 515 4038 *hl-hairum,
528 3973 654 4023 mutata
667 3957 703 4022 ai
716 3955 749 4021 in
760 3965 802 4038 ε’,
811 3951 934 4021 factum
944 3971 993 4020 est
1002 3952 1145 4035 *hi-bete,
1158 3953 1356 4036 *hi-bitume,
1370 3955 1474 4044 quod,

302 4091 436 4140 accentu
460 4095 477 4138 e
501 4071 698 4160 reduplicata
718 4068 841 4158 syllaba
864 4071 898 4137 in
922 4070 1056 4159 stirpem
1081 4067 1262 4150 delabente,
1286 4071 1319 4137 in
1339 4069 1473 4152 *he-hat,

301 4188 412 4269 *li-hit,
428 4187 492 4255 *att
505 4187 549 4277 pl.
565 4187 669 4254 bitum
684 4202 851 4253 mutatum
865 4204 926 4252 est.
945 4183 999 4252 Cf.
1012 4183 1087 4254 abd.
1101 4184 1179 4272 hier,
1192 4207 1237 4253 as.
1255 4185 1315 4265 hit,
1329 4208 1396 4254 wn.
1411 4184 1472 4268 hrt,

341 4509 364 4549 1.
380 4493 415 4549 V.
431 4490 552 4556 Mahlov,
568 4489 623 4543 Die
636 4490 730 4559 langen
748 4487 835 4541 Vocare
846 4488 882 4549 A,
897 4487 931 4553 E,
948 4487 982 4552 Ο,
1002 4504 1028 4558 p.
1048 4503 1109 4558 152,
1127 4487 1173 4558 163
1187 4507 1195 4555 ;
1211 4489 1354 4555 Schrader,
1370 4488 1480 4561 Bezzen-

304 4586 391 4657 berger
406 4583 488 4639 Beier.
503 4581 564 4647 XV,
582 4595 629 4652 131
645 4599 652 4645 ;
668 4578 771 4648 Kluge,
788 4577 941 4635 Grundriss.
952 4576 979 4634 d.
991 4577 1016 4635 d.
1029 4579 1137 4642 Philol,
1151 4580 1173 4647 l,
1191 4579 1252 4649 356,
1269 4578 1317 4653 363
1329 4599 1337 4648 ;
1350 4579 1479 4652 Jellinelr,

303 4675 384 4729 Beitr.
401 4672 463 4738 XV,
478 4687 529 4744 297
544 4687 603 4741 sqq.

340 4761 508 4822 mohac
527 4759 676 4832 quastione
697 4755 923 4827 implicatissima,
944 4775 970 4812 v.
992 4757 1113 4834 Eremer,
1129 4759 1210 4813 Bcitr.
1231 4757 1279 4824 XI,
1296 4774 1323 4829 p.
1341 4772 1385 4829 33,
1400 4773 1478 4829 sqq.;

304 4849 338 4908 cl.
355 4850 455 4922 Kluge,
471 4847 613 4903 Gruadriss
627 4845 653 4902 d.
666 4845 693 4902 d.
707 4843 792 4909 Phil,
806 4844 829 4910 l,
846 4862 873 4916 p.
894 4843 954 4915 356,
973 4844 1032 4917 363.
1048 4847 1080 4899 In
1093 4845 1197 4916 syllaba
1210 4859 1352 4899 accentum
1366 4861 1481 4918 gravem

302 4939 458 5011 (Nebmton)
471 4938 630 5008 accipiente,
645 4945 738 4988 utrum
752 4940 775 4986 2¹
793 4934 821 4986 in
835 4941 860 4986 2²
876 4951 910 4988 an
929 4935 957 4988 in
976 4933 991 4986 ἕ
1007 4935 1150 4987 immutata
1168 4931 1259 5002 suerit,
1276 4935 1409 4989 incertum
1428 4947 1479 4991 est.

304 5057 340 5068 -
354 5045 380 5085 v.
397 5027 517 5093 Bremer,
533 5025 615 5083 Beitr.
629 5023 682 5095 lli,
698 5038 880 5118 pffls-qqss
