3768 5742
793 945 1018 1014 ,50-

313 1071 473 1157 promissa
487 1069 676 1137 successerit
689 1065 818 1136 difficile
833 1087 880 1136 est
897 1067 1084 1158 dijudicare,
1102 1092 1178 1136 cum
1193 1071 1228 1136 in
1249 1069 1404 1138 omnibus
1422 1091 1495 1159 ger·

315 1186 448 1252 manicis
464 1182 605 1252 dialectis
620 1182 771 1273 (excepta
785 1183 910 1273 gotica)
925 1206 965 1250 ex
981 1199 1003 1251 ιῖ
1019 1205 1050 1251 et
1066 1199 1115 1252 ow
1130 1185 1249 1273 pariter
1262 1185 1384 1252 vocalis
1403 1198 1424 1252 a
1444 1183 1496 1275 ()

312 1298 395 1368 facta
416 1301 469 1368 sit.
497 1301 618 1388 Stirpes
643 1299 744 1385 igitur
767 1298 844 1380 bow,
863 1298 954 1388 flow,
977 1313 1074 1381 snow,
1104 1313 1193 1384 trow,
1223 1320 1285 1368 cet.
1311 1323 1372 1390 pro
1393 1297 1495 1388 gradu

312 1415 461 1502 graviore
484 1414 534 1480 III
555 1414 700 1483 radicum
724 1415 791 1495 bau,
812 1412 893 1503 fleu,
910 1437 997 1495 sucu,
1021 1429 1101 1497 treu,
1121 1435 1183 1483 cet.
1207 1414 1345 1484 fortasse
1365 1413 1496 1482 habebis

312 1528 362 1619 (v.
379 1529 476 1613 infra,
491 1552 523 1617 p.
543 1529 614 1619 72).

362 1665 391 1710 1.
410 1644 524 1711 Germ.
542 1643 656 1724 *down
675 1668 706 1732 p.
723 1643 894 1710 *bc-bawe:
913 1664 984 1731 got.
1003 1643 1110 1713 haitan
1126 1672 1143 1708 u
1160 1650 1255 1717 οἰκεῖν
1274 1673 1306 1728 »,
1322 1642 1398 1714 ahd.
1411 1643 1496 1712 bean

315 1786 331 1822 a
349 1757 508 1841 habitare,
524 1761 655 1840 versari,
672 1759 779 1826 colere
797 1786 813 1822 »
830 1759 880 1849 (p.
899 1758 942 1848 pl.
963 1759 1143 1850 bi(r)uwun
1161 1759 1326 1852 bi(r)uwis
1345 1757 1495 1851 (Otfrid)

312 1898 358 1942 as.
375 1897 443 1963 ags.
462 1875 558 1956 bean,
576 1897 644 1941 wn.
664 1874 727 1941 bala
742 1873 829 1964 (ind.
847 1897 940 1963 praes.
959 1875 1002 1963 pl.
1020 1875 1163 1966 bri(u)m,
1187 1901 1219 1965 p.
1243 1876 1321 1966 bjd),
1343 1899 1401 1943 on.
1424 1874 1493 1942 boa.

356 1991 487 2059 Vocalis
503 2007 524 2058 ιῖ
539 2015 611 2081 quae
626 2014 683 2080 per
696 1990 925 2080 periphoniam
940 1993 1135 2059 immutatur
1151 1992 1364 2081 sequentibus
1380 1991 1496 2059 termi-

312 2105 500 2175 nationibus
524 2106 675 2174 secundae
698 2127 731 2175 et
754 2108 857 2175 tertiae
880 2129 1028 2196 personae
1049 2109 1134 2196 sing.
1159 2130 1252 2196 praes.
1275 2106 1398 2197 (germ.
1422 2107 1492 2192 -igi,

312 2223 404 2312 asi),
421 2221 579 2310 analogiae
593 2222 664 2309 lege
679 2222 777 2290 etiam
793 2222 827 2290 in
843 2223 947 2311 prima
962 2245 1100 2310 persona
1119 2225 1221 2309 sing,
1243 2225 1277 2290 in
1299 2221 1415 2310 plurali
1435 2243 1496 2287 nu·

312 2360 403 2404 mero
428 2339 594 2428 praesentis
620 2357 652 2405 et
677 2337 841 2405 infinitivo
867 2338 1032 2406 interdum
1059 2341 1235 2406 immutata
1260 2356 1411 2427 apparet:
1438 2359 1494 2403 an.

313 2475 406 2541 praes.
429 2475 441 2520 1
461 2453 510 2543 by',
527 2453 568 2520 cf.
588 2452 680 2521 mhd.
699 2453 833 2520 biuwcn.

360 2568 568 2657 Participium
585 2569 737 2656 praeteriti
753 2566 902 2635 eamdem
916 2569 1063 2637 vocalem
1079 2593 1178 2658 quam
1188 2593 1328 2658 praesens
1342 2570 1492 2640 exhibet:

313 2704 419 2769 germ.
442 2683 616 2766 *bowonun
640 2707 694 2750 an.
721 2683 834 2764 balena,
860 2706 917 2750 on.
943 2684 1038 2751 baenn
1062 2684 1123 2777 (pl.
1148 2687 1254 2772 boner)
1279 2705 1439 2775 «paratus
1460 2712 1492 2768 u,

313 2820 381 2886 ags.
397 2799 532 2884 gae-bun,
548 2799 699 2886 ge-ba'c'en,
719 2798 779 2888 byn
793 2799 956 2889 (north),
975 2800 1067 2868 mhd.
1082 2801 1244 2889 gebriwen.

359 2914 504 2981 Verbum
527 2914 709 2994 *bowanam
735 2914 823 3002 quod
841 2917 907 3002 jam
930 2917 963 2980 in
987 2917 1172 3004 antiquiore
1193 2935 1280 2983 statu
1302 2918 1497 3005 germanicae

315 3027 435 3114 linguae
450 3028 489 3095 ad
504 3027 641 3095 debilem
656 3029 925 3115 conjugationem
947 3030 1087 3111 transiit,
1106 3031 1214 3117 primo
1229 3031 1431 3118 praeteritum
1445 3032 1494 3097 in-

314 3140 469 3209 formavit
485 3162 541 3209 aut
561 3141 676 3208 additis
696 3142 984 3209 terminationibus
1003 3164 1108 3230 germ.
1126 3145 1202 3225 -dd,
1224 3144 1292 3212 -dis
1310 3165 1372 3212 cet.
1398 3143 1496 3212 radici

315 3259 428 3341 nudae,
446 3278 499 3326 aut
513 3261 708 3346 interposito
725 3257 889 3326 elemento
906 3271 943 3325 -ῡ
957 3277 1013 3325 aut
1029 3263 1074 3326 -ai
1087 3279 1142 3327 aut
1162 3263 1174 3326 i
1196 3261 1282 3327 inter
1303 3259 1442 3328 radicem
1463 3279 1496 3327 et

316 3376 582 3442 terminationes:
601 3399 634 3463 p.
654 3372 729 3441 ahd.
749 3374 834 3454 bata,
853 3396 920 3461 ags.
935 3374 1013 3442 bade
1028 3399 1086 3442 on.
1100 3375 1204 3455 lotha
1218 3397 1289 3463 got.
1304 3376 1496 3456 bau-ui·da;

314 3513 361 3557 as.
380 3490 518 3570 ba-i-da,
541 3513 609 3578 ags.
632 3488 774 3570 bu-e-de,
801 3491 913 3558 north.
935 3491 1082 3579 hyr-adu
1106 3513 1185 3557 mox
1206 3493 1317 3573 etiam,
1341 3491 1497 3579 analogiae

314 3603 399 3692 iege3
418 3629 557 3693 praesens
577 3606 610 3671 in
633 3604 881 3672 similitudinem
903 3605 1080 3674 verborum
1100 3603 1256 3673 debilium
1277 3627 1405 3696 raptum
1425 3627 1494 3675 est:

313 3745 359 3787 as.
378 3720 459 3787 bnon
473 3719 668 3810 (Cottum),
685 3740 753 3806 ags.
772 3719 869 3786 barian
885 3719 1051 3809 bag(i)au,
1070 3721 1183 3788 north.
1202 3720 1273 3809 hya.

358 3837 612 3924 Nonnunquam
631 3836 743 3919 etiam,
764 3834 939 3922 euphoniae
959 3857 1066 3915 causa,
1081 3836 1169 3903 inter
1183 3837 1329 3904 vocalem
1345 3852 1366 3904 a
1381 3835 1496 3905 radicis

315 3969 346 4017 et
369 3950 516 4017 vocalem
545 3949 787 4016 terminationis
810 3949 1004 4038 interposita
1027 3967 1076 4016 est
1101 3950 1305 4018 semivocalis
1329 3975 1386 4020 w:
1417 3950 1493 4020 abd.

315 4064 442 4147 bawari,
459 4087 527 4153 ags.
545 4063 684 4144 bawian,
701 4062 760 4131 afr.
779 4064 872 4131 brawa
885 4088 918 4153 p.
937 4063 1058 4134 hauoda.

359 4180 556 4248 Notandum
571 4199 620 4247 est
633 4178 787 4268 denique,
802 4181 837 4246 in
854 4181 964 4268 paucis
983 4177 1113 4265 formis,
1129 4181 1199 4248 sine
1220 4180 1320 4250 dubio
1340 4180 1496 4271 analogiae

314 4295 385 4383 lege
400 4297 493 4377 ortis,
504 4298 639 4384 stirpem
655 4295 822 4384 praesentis
838 4313 870 4362 et
880 4295 1037 4384 participii
1050 4297 1085 4362 in
1100 4295 1347 4385 diphthongum
1360 4319 1403 4364 au
1417 4295 1493 4365 ahd.

317 4433 355 4478 ou
372 4409 536 4478 desinere:
557 4410 649 4480 mhd.
667 4410 796 4478 bouwcn
811 4434 843 4499 p.
865 4433 899 4501 p.
923 4410 1093 4500 gcbouwen
1113 4411 1171 4503 (cf.
1191 4427 1342 4493 stauracia,
1359 4426 1492 4495 tottam,

314 4525 408 4614 cet).

357 4642 557 4710 Vocabulaa
577 4644 676 4732 stirpe
695 4642 762 4709 bow
780 4641 923 4710 derivata
942 4643 977 4709 in
991 4644 1102 4731 gotica
1119 4643 1230 4730 lingua
1252 4642 1495 4732 diphthongum

314 4778 358 4822 aa
371 4755 521 4847 (bauains
537 4783 553 4821 a
570 4761 756 4847 κατοίκησις
774 4757 821 4848 v),
838 4757 871 4824 in
886 4756 1169 4826 Scandinavorum
1182 4757 1293 4846 lingua
1307 4778 1339 4827 et
1353 4757 1495 4827 dialectis

316 4870 501 4939 Germaniae
516 4871 723 4940 occidentalis
737 4890 793 4938 aut
808 4886 829 4938 πῖ
844 4891 900 4939 aut
916 4885 935 4940 ῦ
947 4895 1008 4961 pro
1022 4894 1129 4960 germ.
1145 4886 1194 4940 ow
1207 4892 1384 4962 usurpant:

359 5000 402 5052 a:
418 4986 506 5055 Ahd.
523 4987 563 5054 bu
579 5011 624 5056 m.
646 5015 661 5051 a
680 4987 836 5057 habitatio
854 5016 885 5072 u,
897 5013 950 5056 an.
965 4988 1005 5056 bal
1020 5011 1070 5072 n.,
1084 5011 1152 5077 ags.
1166 4989 1208 5056 ba
1222 4988 1260 5078 by
1275 5013 1323 5075 n.,
1339 5013 1384 5059 as.
1402 4989 1443 5058 bu
1457 5013 1492 5059 n.
