3768 5742
360 1069 412 1119 tru
429 1077 446 1115 u
461 1075 470 1134 ;
488 1089 533 1100 -
547 1073 590 1118 as.
605 1064 735 1140 swogan
753 1075 769 1115 r<
787 1069 930 1139 strepere
946 1076 978 1118 n.
1001 1089 1047 1100 —
1069 1047 1169 1117 Verbi
1192 1049 1409 1139 *swogjanan
1428 1072 1540 1117 sensus

358 1167 512 1255 primitus
532 1164 689 1254 «fragose
707 1165 912 1256 procedere»
931 1164 1029 1232 fuisse
1047 1164 1177 1232 videtur
1182 1189 1192 1248 ;
1207 1162 1247 1231 cf.
1266 1164 1311 1231 H.
1336 1168 1418 1262 5798
1434 1165 1541 1254 (Cot-

360 1280 473 1371 tun.):
493 1306 509 1346 n
520 1280 591 1350 thor
606 1295 737 1370 swogan
750 1303 846 1370 quam
858 1281 945 1370 cngil
955 1279 1018 1348 thes
1028 1279 1206 1347 alowaldon
1217 1279 1387 1367 obanasan
1398 1280 1538 1347 radun»

362 1423 379 1460 u
397 1415 471 1463 tum
488 1395 594 1485 lapsus
609 1413 658 1464 est
672 1418 751 1463 cum
765 1398 902 1484 strepitu
917 1394 1051 1484 angelus
1069 1394 1197 1462 domini
1213 1394 1253 1462 de
1268 1393 1354 1462 coelo
1372 1421 1388 1459 ›>
1402 1423 1412 1480 ;
1430 1395 1542 1484 anglo-

360 1512 557 1578 saxonicum
581 1512 681 1598 igitur
704 1511 842 1579 verbum
864 1524 996 1599 swogan
1022 1533 1098 1577 cum
1122 1532 1181 1599 per
1206 1536 1223 1572 (ι
1248 1529 1443 1598 strepere»,
1469 1529 1542 1579 turn

360 1627 459 1694 etiam
490 1649 548 1715 per
579 1652 595 1690 «
622 1626 787 1709 invadere,
818 1627 1010 1714 pervadere,
1043 1624 1215 1714 praevalere
1237 1646 1300 1694 cet.
1334 1653 1350 1689 u
1381 1625 1539 1711 redditur3

359 1766 392 1808 v.
412 1742 554 1822 Sievers,
569 1741 669 1810 Beitr.
688 1742 750 1824 IX,
767 1744 847 1823 286,
864 1765 913 1833 sq.

407 1856 604 1924 Germanica
620 1856 710 1941 radix
725 1870 811 1946 swe'g
826 1855 1002 1946 (swog)es
1020 1853 1253 1944 indoeuropaea
1270 1855 1368 1944 spigh
1386 1876 1456 1925 orta
1479 1874 1540 1940 est,

360 1995 458 2062 aqua
472 1971 631 2041 vocabula
645 1994 697 2059 gr.
715 1977 796 2061 lolio
807 1973 883 2062 (pro
900 1971 1066 2062 Ρι-Ραχω)
1079 1997 1095 2034 «
1109 1971 1283 2056 vociferor,
1295 1973 1415 2042 insono
1428 1999 1459 2055 n,
1470 1996 1540 2042 aot.

361 2090 440 2177 ἅχον
454 2089 533 2179 (pro
548 2089 680 2180 Ραχον),
697 2088 739 2156 cf.
758 2093 918 2181 hugngeig
933 2087 1010 2178 (pro
1025 2088 1230 2179 δυς-Ρηχης)
1250 2115 1266 2151 «
1284 2089 1415 2157 acerbus
1434 2117 1466 2174 u,
1482 2090 1540 2159 lat.

359 2207 486 2293 vagire,
505 2204 601 2273 ducta
618 2227 687 2271 esse
702 2207 834 2291 conjicit
850 2203 1002 2288 Schulze,
1018 2204 1065 2270 K.
1082 2203 1137 2271 Zs.
1157 2205 1287 2289 XXIX,
1304 2226 1368 2294 230
1383 2229 1454 2296 sqq.

405 2341 438 2407 7.
466 2320 582 2388 Germ.
606 2321 807 2410 *wop-janan
827 2319 877 2410 (p.
900 2323 1071 2409 *we-wope
1092 2319 1152 2411 (cf.
1179 2343 1274 2408 supra
1295 2320 1539 2412 *drop-janan):

359 2452 432 2520 got.
449 2437 574 2522 wopjan
590 2435 640 2524 (p.
659 2435 804 2525 wopida)
822 2461 838 2498 e
856 2445 979 2522 βοᾶν»,
997 2433 1073 2502 ahd.
1085 2433 1343 2525 wuofan(wios)
1354 2437 1544 2525 autwuoscn

359 2547 499 2638 (wuojta
512 2547 659 2639 wuofita)
677 2576 693 2614 n
710 2548 800 2633 llere,
817 2548 956 2637 plorare,
973 2549 1138 2639 plangere,
1155 2548 1325 2617 lamentari
1344 2575 1375 2631 u,
1393 2574 1440 2618 as.
1456 2564 1543 2641 wop·

356 2667 416 2753 jan
428 2664 480 2754 (p.
496 2665 607 2754 wiop),
625 2687 693 2752 ags.
710 2677 822 2753 wepan
837 2664 886 2755 (p.
905 2665 1020 2755 wedp).

407 2778 459 2846 Ad
474 2779 616 2847 radicem
631 2792 701 2868 wop
716 2779 832 2847 referre
855 2781 928 2848 licet
949 2778 1026 2848 ahd.
1047 2779 1182 2871 corroso)
1198 2803 1243 2847 m.
1270 2807 1286 2843 <r
1308 2779 1414 2862 fletus,
1438 2781 1543 2849 luctus

361 2892 525 2980 planctus,
540 2895 683 2982 gemitus
702 2920 734 2978 u,
750 2918 796 2962 as.
813 2917 882 2983 ags.
898 2907 968 2982 wop
986 2918 1033 2962 m.

407 3009 439 3076 8.
463 3009 579 3077 Germ.
603 3011 810 3078 *wrotanani
827 3033 895 3097 ogs.
914 3023 1037 3076 wrotan
1063 3037 1079 3073 <r
1102 3008 1256 3094 effodere,
1281 3032 1392 3078 eruere
1414 3036 1429 3074 >r
1455 3009 1541 3100 (ind.

361 3146 456 3212 praes.·
479 3146 491 3191 1
509 3137 618 3210 wrote,
635 3124 679 3214 pl.
697 3125 830 3208 wrotad,
850 3150 881 3214 p.
900 3148 949 3214 pr.
968 3123 1196 3216 wrotende),v.
1211 3125 1349 3207 Sievers,
1363 3125 1461 3193 Beitr.
1480 3127 1542 3210 IX,

363 3241 449 3326 2873
463 3281 508 3290 -
519 3238 593 3307 ahd.
611 3243 748 3328 ruorjon
762 3264 927 3328 morrone
941 3262 1089 3325 movere,
1102 3241 1269 3322 suscitare,
1281 3239 1420 3308 effodere
1432 3268 1464 3323 n,
1477 3261 1543 3309 ost·

362 3351 449 3421 fries.
467 3368 605 3435 wroeten,
623 3379 677 3422 an.
694 3359 775 3423 rota.
804 3355 907 3438 Quod
928 3354 1079 3438 verbum,
1101 3375 1213 3422 utrum
1232 3356 1382 3444 primitus
1402 3354 1542 3423 validum

361 3467 472 3551 luerit,
489 3494 530 3538 an
545 3494 583 3538 ex
599 3472 804 3538 substantivo
821 3494 889 3559 ags.
906 3484 985 3540 wrot
1003 3497 1019 3534 ε(
1038 3468 1206 3558 proboscis
1229 3497 1260 3553 a,
1286 3469 1423 3540 ostlries.
1447 3485 1542 3541 wrote

360 3600 478 3667 wroete,
497 3585 589 3654 mhd.
606 3586 713 3674 ruozcl
727 3588 841 3673 rtiercl,
861 3585 901 3653 cf.
925 3608 978 3653 an.
1002 3589 1050 3654 rdt
1068 3585 1136 3655 hrdt
1160 3612 1176 3648 <r
1196 3586 1354 3654 turnultus
1371 3613 1402 3667 u,
1422 3587 1542 3660 deriva-

362 3719 436 3768 tum
451 3701 507 3782 sit,
523 3724 562 3768 ex
575 3701 768 3790 germanicis
784 3700 898 3769 formis
914 3723 983 3768 non
998 3701 1075 3768 satis
1090 3720 1199 3788 aperte
1213 3701 1413 3790 perspicitur.

406 3929 442 4018 β)
457 3929 508 3998 Ad
523 3931 619 3998 verbo
638 3932 816 3999 transimus
830 3954 975 4022 quorum
990 3933 1158 4020 praesentis
1179 3929 1275 4018 stirps
1289 3930 1323 3996 in
1341 3943 1389 3996 ow
1402 3927 1539 4015 desinit3

361 4067 461 4133 quam
476 4044 723 4136 diphthongum
737 4061 786 4114 ow
800 4067 875 4114 ante
891 4069 1073 4115 consonam
1084 4048 1117 4112 in
1127 4059 1157 4127 o,
1173 4065 1248 4114 ante
1259 4046 1403 4114 vocalem
1418 4045 1541 4113 aGotis

361 4161 395 4226 in
411 4184 465 4244 au,
484 4186 501 4229 a
517 4165 630 4232 ceteris
647 4165 821 4232 Germanis
834 4165 870 4230 in
885 4177 907 4231 a
921 4184 978 4232 aut
999 4176 1017 4230 ῦ
1040 4181 1199 4230 mutatam
1221 4160 1319 4229 fuisse
1338 4160 1433 4250 paulo
1451 4184 1543 4249 supe·

362 4277 428 4344 rius
452 4280 518 4366 jam
542 4280 799 4346 monstravimus
813 4279 871 4368 (¹)
900 4278 937 4346 In
960 4279 1065 4345 vicem
1086 4275 1282 4367 diphthongi
1302 4290 1351 4344 ow
1374 4275 1542 4343 succedere

361 4392 445 4460 solet
460 4395 495 4461 in
509 4393 681 4484 permultis
701 4393 866 4463 vocabulis
883 4417 902 4461 a
921 4395 1020 4484 stirpe
1035 4393 1211 4461 verborum
1227 4392 1324 4481 hujus
1340 4391 1446 4460 classis
1462 4392 1542 4459 deri-

360 4510 444 4576 vatis
463 4533 520 4577 seu
540 4511 766 4599 diphthongus
790 4536 828 4578 eu
850 4511 900 4578 vel
921 4532 974 4597 au,
990 4534 1047 4578 seu
1069 4509 1188 4578 vocalis
1211 4533 1231 4576 u
1255 4507 1369 4575 brevis.
1393 4510 1446 4575 An
1469 4527 1501 4576 et
1521 4521 1542 4574 a

400 4837 423 4878 r.
439 4839 466 4878 v.
484 4823 654 4894 Brugmann‚
668 4821 821 4888 Grundriss,
836 4823 858 4879 1.
871 4823 902 4894 §S
919 4836 980 4889 142,
1001 4839 1061 4894 179,
1077 4819 1112 4875 cf.
1129 4821 1250 4886 Noreen‚
1269 4818 1439 4891 Urgermanslt
1456 4818 1539 4889 Judl,

359 4909 375 4978 S
389 4924 417 4980 9,
433 4911 480 4964 ubi
494 4913 592 4983 scripta
607 4924 800 4966 enumerantur
814 4927 874 4983 quae
890 4911 924 4964 de
938 4910 989 4964 hnc
1004 4909 1154 4980 quaestione
1168 4905 1381 4979 implicatissima
1394 4919 1420 4962 et
1435 4919 1542 4960 contro-

359 5013 436 5050 versa
450 5009 640 5054 tractaverunt.

468 5118 506 5158 oe
524 5118 630 5162 vrnsrs.
1355 5169 1359 5175 ,
1419 5115 1435 5167 a
