3768 5742
897 948 1121 1033 ..37-

416 1108 472 1154 on.
488 1086 560 1171 baet,
571 1108 638 1175 ags.
651 1086 713 1169 het,
724 1085 782 1155 afr.
793 1087 852 1170 het,
864 1088 975 1180 hit(¹).
986 1090 1111 1158 Utrum
1126 1087 1329 1177 praeteritum
1344 1108 1412 1153 wn.
1423 1103 1537 1174 agutn.
1549 1084 1596 1153 hit

415 1224 433 1269 e
447 1205 638 1292 germanico
654 1202 846 1293 imperfecto
859 1205 953 1273 *licite
968 1204 1018 1296 (N
1021 1206 1139 1297 oreen)
1157 1228 1198 1272 an
1221 1227 1261 1271 ex
1275 1203 1335 1284 bet,
1353 1221 1477 1270 mutata
1491 1212 1520 1269 ε’
1533 1203 1567 1268 in
1585 1213 1597 1268 ῖ

414 1318 1594 1412 velutinlrisicalingua(v.Beitr.Xl,p.230),ortun1sit,incertumest.

460 1433 620 1504 Eamdem
636 1435 783 1505 vocalem
797 1448 826 1504 ἱι
841 1435 987 1526 praebent
1003 1438 1165 1526 praeterita
1184 1434 1359 1503 verborum
1381 1435 1503 1525 quintae
1519 1432 1596 1500 clas·

414 1549 524 1641 sis(²),
535 1548 686 1619 videlicet
699 1551 775 1619 ahd.
791 1550 852 1639 lici
869 1552 1075 1642 «permisit»
1092 1571 1155 1619 cet.
1169 1577 1179 1634 ;
1195 1575 1264 1618 wn.
1280 1551 1332 1631 let,
1348 1552 1417 1638 grdt
1433 1546 1550 1616 «flevit
1563 1573 1594 1630 u,

414 1669 470 1732 reb
484 1692 501 1730 «
514 1669 685 1757 imperavit
697 1693 728 1754 v,
742 1668 803 1736 bles
814 1693 831 1731 a
843 1666 933 1736 flavit
946 1693 984 1752 u;
1003 1691 1059 1736 on.
1073 1669 1136 1750 laet,
1147 1682 1239 1758 grat,
1253 1685 1367 1756 agutn.
1379 1666 1435 1756 reb
1444 1663 1574 1756 (riulal)
1582 1691 1592 1749 ;

414 1801 483 1867 ags.
499 1782 632 1849 on-dred
647 1808 663 1846 a
680 1783 790 1851 timuit
807 1809 838 1866 u,
857 1782 909 1865 let,
926 1785 994 1864 red,
1012 1783 1075 1873 slep
1092 1810 1108 1847 «
1127 1782 1282 1852 dormivit
1301 1808 1341 1866 »3
1365 1803 1507 1870 quorum
1526 1801 1595 1846 ver·

414 1894 534 1965 borum
548 1896 732 1987 analogiam
756 1918 905 1968 secutum
931 1918 981 1968 est
1003 1900 1141 1968 verbum
1165 1917 1289 1989 quartae
1311 1897 1417 1966 classis
1437 1919 1491 1965 an.
1514 1895 1596 1963 blaa

415 2010 621 2081 «immolare
638 2039 655 2078 r>
670 2001 807 2104 quoditi
828 2016 993 2104 praeterito
1014 2039 1082 2083 wn.
1107 2013 1166 2082 blec
1185 2013 1318 2105 praebet.
1343 2011 1448 2080 Verba
1469 2012 1593 2102 quintae

413 2126 523 2195 classis
543 2129 576 2195 in
598 2130 708 2216 gotica
729 2128 839 2216 lingua
858 2130 926 2198 fere
947 2132 1063 2198 omnia
1083 2129 1231 2198 vocalem
1253 2144 1272 2197 ῦ
1294 2128 1333 2197 ad
1354 2125 1594 2196 informandam

414 2243 567 2330 praeteriti
583 2243 720 2333 stirpem
736 2264 894 2333 usurpant
908 2245 1026 2336 (lailot,
1038 2247 1180 2335 gaigrot,
1193 2244 1317 2335 rairo‘p,
1329 2244 1424 2312 taitok
1436 2270 1452 2307 α
1465 2243 1548 2332 cepit
1561 2267 1593 2325 u,

412 2359 495 2426 saiso
510 2385 526 2424 a
546 2361 628 2427 sevit
645 2385 677 2440 u,
692 2361 808 2427 waiwo
822 2386 840 2424 <c
856 2358 946 2428 flavit
964 2388 996 2441 u,
1012 2363 1090 2429 lailo
1106 2388 1122 2425 a
1139 2361 1335 2449 vituperavit
1352 2360 1388 2451 u)
1402 2359 1481 2427 dum
1497 2381 1595 2426 voca-

413 2471 479 2540 lem
491 2485 508 2539 ῑ
520 2471 631 2540 solum
655 2473 856 2562 praeteritum
877 2475 990 2563 saislep
1011 2472 1163 2565 (saizlip)
1181 2472 1322 2564 praebet;
1343 2493 1454 2542 utrum
1474 2484 1503 2541 3²
1517 2486 1595 2540 ano

413 2588 641 2675 usurpaverint
654 2588 689 2654 in
708 2589 872 2677 praeterito
887 2589 984 2656 verba
999 2611 1106 2677 germ.
1123 2590 1217 2657 *wito
1232 2615 1248 2653 a
1268 2588 1425 2657 maledico
1442 2614 1474 2669 u,
1487 2586 1595 2655 *brido

414 2727 431 2763 «
445 2723 554 2791 coquo
568 2728 600 2786 a,
610 2702 737 2770 *arida
752 2704 884 2771 «timeo
898 2729 929 2784 a,
938 2702 1031 2792 *bego
1043 2729 1059 2768 a
1072 2723 1162 2771 certo
1181 2729 1212 2785 u,
1225 2725 1301 2770 curn
1316 2705 1351 2770 in
1363 2703 1473 2790 gotica
1486 2701 1594 2789 lingua

413 2837 483 2884 non
497 2835 622 2886 servata
636 2819 716 2902 sint,
740 2818 904 2886 incertum
920 2837 981 2886 est.
1001 2818 1108 2886 Verba
1130 2819 1229 2908 igitur
1252 2842 1324 2908 quae
1344 2815 1492 2886 vocalem
1515 2830 1531 2884 ἑ
1553 2815 1593 2884 ad

412 2932 657 3001 informandam
679 2935 834 3023 praeteriti
856 2936 992 3025 stirpem
1022 2952 1192 3024 usurpant,
1216 2956 1355 3003 numero
1379 2936 1531 3023 pauciora
1558 2935 1592 2999 in

411 3050 599 3136 germanica
613 3049 725 3139 lingua
740 3049 837 3118 fuisse
847 3070 976 3119 constat
988 3076 996 3134 ;
1014 3073 1157 3142 quorum
1167 3070 1279 3119 tamen
1289 3048 1471 3138 analogiam
1484 3066 1592 3116 secuta

411 3185 489 3233 sunt
503 3165 601 3233 verba
621 3190 694 3257 quae
707 3167 741 3233 in
756 3169 911 3256 praeteriti
932 3169 1032 3256 stirpe
1052 3166 1200 3235 vocalem
1219 3180 1238 3234 ὁ
1259 3167 1423 3234 exhibent.
1445 3165 1589 3248 Etenim,

408 3298 446 3347 ut
469 3282 504 3348 in
529 3281 634 3350 verbis
654 3284 782 3371 primae,
798 3283 963 3368 secundae,
981 3285 1099 3365 tertiae‚
1126 3302 1250 3373 quartae
1269 3281 1375 3350 classis
1398 3303 1538 3372 praesens
1559 3301 1591 3348 et

407 3397 609 3484 praeteritum
634 3397 785 3465 eamdem
810 3398 958 3467 vocalem
984 3399 1174 3482 exhibebat,
1198 3400 1242 3467 ita
1272 3400 1307 3466 in
1335 3397 1439 3465 verbis
1468 3398 1590 3488 quintae

406 3510 514 3580 classis
542 3513 709 3582 distinctio
738 3515 824 3582 inter
851 3516 986 3604 stirpem
1008 3517 1164 3605 praeteriti
1192 3515 1425 3605 praesentisque
1451 3536 1527 3580 cunt
1554 3515 1588 3580 in

405 3627 514 3715 *slepa
534 3628 687 3718 *se-slepe,
705 3650 792 3714 tum,
809 3630 966 3719 analogiae
981 3630 1065 3719 lege,
1081 3633 1115 3700 in
1129 3632 1214 3713 *letti
1231 3630 1347 3698 *le-lete
1366 3629 1442 3719 (pro
1456 3628 1589 3718 *le-lau)

406 3763 613 3830 postremum
627 3746 770 3813 evanuit.
784 3746 926 3831 Deinde,
939 3745 1136 3836 reduplicata
1146 3745 1266 3834 syllaba
1280 3764 1451 3812 accentum
1460 3743 1586 3833 adepta,

404 3858 526 3926 vocalis
540 3871 581 3944 2¹,
599 3861 675 3950 quia
695 3880 846 3930 accentus
864 3885 978 3952 expers
998 3863 1083 3931 facta
1102 3879 1184 3946 erat,
1199 3863 1233 3929 in
1258 3873 1286 3928 ἱ*
1308 3877 1433 3928 mutata
1454 3882 1521 3926 esse
1540 3861 1588 3927 vi·

404 3972 511 4042 detur.
538 3975 704 4067 Denique,
727 3997 861 4046 accentu
883 4001 993 4047 rursus
1011 3981 1045 4047 in
1068 3979 1204 4067 stirpem
1226 3975 1370 4066 delapsu,
1393 3975 1587 4065 reduplicata

403 4088 526 4178 syllaba
540 4088 665 4159 sublata
680 4112 741 4160 est.
757 4091 836 4160 Ideo
852 4115 890 4160 ex
905 4093 1027 4162 *le-ldae
1042 4095 1187 4183 primum
1201 4093 1329 4160 *le-ldae
1341 4089 1401 4182 (cf.
1416 4113 1465 4180 pr.
1481 4091 1585 4182 Ἢ),

403 4204 522 4274 deinde
535 4207 675 4289 *ll-leae,
694 4225 899 4296 postremum
915 4209 1057 4290 *le-lfflte,
1074 4208 1220 4300 *(l)le²u‚
1236 4209 1293 4275 *let
1307 4207 1427 4275 facturn
1443 4225 1505 4291 est,
1521 4229 1585 4275 ser·
1645 4193 1652 4204 ⁴

402 4339 477 4386 vata
498 4323 660 4390 tamenin
685 4323 793 4411 paucis
817 4321 983 4390 vocabulis
1008 4321 1168 4406 vocalia,
1192 4321 1313 4388 scilicet
1333 4320 1368 4386 in
1388 4319 1509 4388 aschw.
1525 4321 1583 4402 lat,

401 4446 488 4522 grat,
506 4457 575 4524 ags.
600 4457 619 4504 2
645 4435 689 4527 pl.
715 4459 746 4526 p.
772 4436 1035 4529 on-draedan,(v.
1063 4436 1192 4525 Cosjin,
1210 4437 1325 4505 Altws.
1354 4434 1515 4517 Gratum„
1539 4435 1583 4516 11,

401 4572 435 4637 p.
458 4551 551 4641 144),
568 4550 609 4620 cf.
623 4551 762 4641 for-late
776 4552 826 4644 (v.
842 4552 939 4636 ibid,
955 4553 984 4637 Ι,
1001 4578 1033 4643 p.
1051 4553 1125 4643 44).

448 4687 482 4735 2.
505 4667 559 4735 Ad
581 4668 744 4758 praeterita
762 4668 940 4738 verborum
964 4671 1078 4760 primae
1099 4667 1207 4736 classis
1228 4669 1416 4752 transimus,
1432 4665 1507 4736 ahd.
1524 4665 1584 4734 hell

440 4955 463 4997 r.
480 4941 514 4998 V.
531 4941 569 4999 K.
587 4942 633 5000 Zs.
651 4943 765 5010 XXVII,
784 4945 845 5018 596,
861 4945 897 5004 cf.
913 4945 977 5006 620.

437 5043 464 5085 2.
482 5028 515 5082 V.
531 5029 569 5084 K.
586 5030 632 5088 Zs.
649 5030 762 5099 XXVII,
780 5031 832 5088 618
847 5050 906 5107 sqq.
