3768 5742
789 939 1013 1005 -14-

359 1058 525 1126 Incertum
547 1077 596 1126 est
617 1080 658 1124 an
679 1059 790 1146 gotica
811 1058 921 1148 lingua
943 1060 1038 1128 verba
1058 1084 1152 1150 pura,
1167 1060 1199 1129 id
1221 1081 1270 1130 est
1293 1061 1434 1131 radicem
1456 1065 1491 1131 in

313 1173 457 1241 vocalem
486 1187 504 1240 o
531 1173 734 1242 desinentem
763 1173 952 1262 praebentia,
987 1175 1167 1247 exhibuerit
1179 1204 1189 1262 ;
1220 1200 1297 1246 nam
1325 1181 1490 1268 praeterito

313 1289 433 1356 lailoun
447 1289 504 1362 illa.
520 1299 585 1377 λεγ.
601 1290 633 1375 J.
653 1309 686 1374 9,
704 1292 746 1358 28
765 1315 781 1353 «
799 1294 997 1382 heddonem
1015 1317 1031 1356 v
1050 1312 1105 1360 aut
1119 1315 1260 1382 praesens
1274 1293 1376 1378 *tran
1387 1293 1490 1385 *lojan

313 1424 369 1472 aut
384 1407 481 1472 etiam
494 1403 599 1471 *laian
613 1403 787 1492 respondet
802 1406 893 1497 (vide
905 1407 1001 1490 infra,
1016 1431 1053 1498 p.
1072 1430 1125 1496 19,
1145 1427 1199 1496 57,
1214 1409 1285 1499 71).

357 1518 462 1588 Verba
476 1543 616 1611 quorum
633 1523 801 1608 praesentis
816 1523 912 1611 stirps
926 1523 961 1591 in
976 1537 1025 1590 ow
1038 1523 1161 1608 tramit,
1180 1545 1305 1593 mutata
1325 1539 1375 1592 ow
1394 1526 1429 1592 in
1447 1547 1491 1592 aa

313 1656 388 1703 ante
415 1636 574 1717 vocalem,
603 1634 644 1704 ad
673 1639 942 1725 conjugationem
971 1637 1107 1708 debilem
1141 1643 1358 1709 transierunt:
1386 1639 1492 1708 bauan

316 1779 331 1815 κ
349 1755 444 1822 οἰκεῖν
461 1778 476 1815 n
495 1776 527 1841 p.
547 1751 687 1818 bauaida
703 1751 813 1842 (cujus
832 1773 943 1821 tamen
964 1753 1054 1821 verbi
1074 1756 1168 1824 tertia
1190 1780 1216 1823 s.
1238 1779 1332 1845 praes.
1354 1778 1493 1844 persona

313 1865 411 1957 banib
428 1864 607 1934 secundum
622 1865 763 1935 validam
783 1868 1052 1955 conjugationem
1072 1867 1247 1938 informata
1266 1871 1333 1962 est)
1344 1898 1354 1955 ;
1376 1883 1492 1938 trauan

314 2007 331 2045 a
353 1989 535 2070 mentiebar,
557 1987 742 2054 aaronem
763 2009 779 2046 >›
805 2007 838 2072 p.
861 1984 1037 2063 trauaida;
1056 1984 1202 2053 *bnanan
1222 2013 1239 2051 a
1261 1990 1377 2077 ψύχειν
1398 1983 1489 2076 »(ρ.

312 2121 404 2186 praes.
423 2097 629 2165 bnauandans
643 2098 682 2164 L.
701 2100 735 2180 6,
754 2119 782 2165 1.
803 2098 861 2172 ci'ra.
877 2101 962 2188 lav.)
972 2127 982 2184 ;
1002 2099 1139 2169 verbum
1152 2101 1329 2193 *stow-jan
1341 2102 1491 2193 p.*stow-

313 2212 395 2294 i-da,
421 2233 491 2301 got.
515 2214 614 2299 stojan
637 2212 764 2280 stauida
788 2215 955 2303 praesentis
978 2237 1013 2280 ac
1039 2217 1191 2304 praeteriti
1214 2218 1350 2306 stirpem
1376 2215 1489 2285 addito

313 2326 475 2395 elemento
485 2328 502 2417 j
521 2346 596 2394 ante
613 2327 773 2410 vocalem,
796 2331 808 2395 i
828 2346 905 2396 ante
924 2351 1105 2397 consonam
1129 2333 1368 2400 terminationis
1388 2329 1492 2400 infor-

313 2462 404 2528 mat;
431 2462 468 2511 ut
490 2445 608 2531 stojan,
632 2441 776 2511 flectitur
795 2441 920 2534 *mojan
946 2471 963 2508 a
987 2443 1122 2534 fatigare
1148 2473 1164 2510 a
1188 2471 1221 2536 p.
1245 2471 1278 2536 p.
1305 2446 1492 2537 asmauidai

314 2556 558 2647 aar.,a‚9().
635 2576 644 2594 ·
748 2536 752 2549 '

357 2672 392 2763 b)
405 2673 551 2740 Diutisca
563 2672 674 2760 lingua
688 2671 837 2740 vocalem
857 2685 875 2739 ῡ
895 2692 972 2741 ante
992 2695 1174 2743 consonam
1193 2696 1230 2744 ut
1251 2697 1327 2744 ante
1340 2676 1489 2744 vocalem

312 2789 451 2875 positam
468 2788 500 2854 in
515 2784 759 2876 diphthongum
776 2810 815 2854 uo
832 2789 951 2876 pariter
967 2808 1164 2858 commutat.

360 2924 389 2969 r.
405 2902 512 2970 Verba
528 2924 671 2991 quorum
686 2903 853 2990 praesentis
867 2905 964 2992 stirps
984 2904 1131 2971 vocalem
1152 2919 1170 2971 o
1189 2924 1347 2995 sequente
1366 2927 1491 2973 conso-

313 3037 410 3084 nante
425 3017 557 3107 praehet,
573 3016 755 3083 secundum
771 3016 911 3084 validam
925 3020 1196 3106 conjugationem
1210 3018 1389 3088 flectuntur
1402 3038 1434 3087 et
1452 3021 1486 3086 in

311 3135 464 3223 praeteriti
484 3135 595 3222 stirpe,
616 3154 672 3221 per
695 3132 916 3222 apophoniam
935 3133 1123 3216 informata,
1144 3135 1292 3204 eamdem
1311 3133 1490 3225 diphthon-

310 3274 391 3338 gum
404 3250 624 3338 germanicam
643 3271 684 3315 ιιι
703 3247 793 3336 (ahd.
815 3272 849 3315 eo
869 3251 898 3316 io
918 3251 958 3331 ie,
982 3247 1061 3316 obd.
1085 3249 1135 3338 iu)
1154 3274 1252 3340 quam
1271 3249 1368 3318 verba
1387 3253 1490 3319 tertiae

310 3364 416 3434 classis
430 3365 594 3434 exhibent.

355 3483 409 3550 Pr.
428 3482 560 3570 bluozan
578 3507 595 3546 a
612 3480 789 3548 sacrificare
808 3507 823 3544 ι)
839 3508 848 3566 ;
866 3480 1079 3570 praesentibus
1093 3480 1231 3570 hruofan
1249 3485 1363 3574 ruofm
1384 3510 1400 3546 a
1426 3481 1489 3550 cla·

311 3621 399 3665 mare
416 3625 447 3679 a,
463 3597 604 3685 wuoson,
622 3597 748 3686 wuofen
764 3621 781 3660 a
795 3594 884 3681 flere,
897 3595 1075 3686 plangere»
1095 3597 1294 3687 respondent
1310 3598 1345 3664 in
1357 3620 1491 3685 germa-

312 3715 382 3781 nica
407 3714 516 3802 lingua
535 3713 707 3801 praesentia
726 3711 838 3779 addito
858 3713 1023 3781 elemento
1040 3715 1057 3802 j
1078 3713 1264 3796 informata,
1284 3712 1488 3803 *hropjanan,

309 3829 491 3918 *wopjanan
505 3851 565 3894 nec
587 3826 754 3894 dissimilia
776 3827 989 3916 praesentibus
1011 3826 1170 3895 debilibus
1190 3828 1365 3916 *nasjanan
1388 3856 1405 3894 n
1429 3852 1492 3895 nu·

311 3947 419 4012 trirea
438 3963 494 4012 aut
508 3943 709 4033 *sokjanann
733 3966 876 4033 quaerere
894 3966 935 4010 a:
960 3943 1049 4023 inde,
1070 3942 1228 4033 analogiae
1249 3943 1333 4033 lege,
1359 3967 1397 4011 ex
1421 3967 1489 4012 uno

311 4060 412 4127 verbo
427 4059 492 4126 duo
507 4058 683 4126 factasunt
699 4081 840 4149 quorum
856 4081 961 4125 unum
975 4056 1157 4126 secundum
1175 4059 1314 4129 validam
1334 4063 1490 4150 conjuga·

310 4178 435 4243 tionem
462 4173 603 4242 flectitur
621 4173 778 4264 (hrnofan
798 4174 959 4263 wraasan),
984 4175 1123 4242 alterum
1146 4174 1326 4242 secundum
1350 4174 1489 4243 debilem

308 4291 456 4382 (hruafen
470 4290 595 4379 wuofen
609 4313 643 4378 p.
662 4289 791 4379 hraofta
805 4288 956 4380 wttosta).

353 4409 390 4476 P.
421 4431 453 4497 p.
485 4407 684 4495 gi-bluozan,
715 4408 897 4496 gi-rnasan,
929 4408 1141 4497 gi-wuafan;
1175 4404 1382 4496 ar-ssuahhan
1412 4405 1488 4493 fat·

304 4523 459 4612 fluabhan
477 4521 698 4591 «maledictus
716 4548 746 4591 n.

347 4761 370 4800 t.
381 4744 503 4798 Verbum
513 4743 644 4814 *doujani
658 4742 770 4816 ‘dajani
783 4743 823 4814 (p.
841 4759 867 4814 p.
882 4739 1023 4812 afdauidai
1038 4737 1221 4812 «ἐσκυλμένοι,
1239 4739 1284 4796 da.
1301 4739 1372 4810 λη.)
1386 4755 1443 4792 non
1457 4755 1490 4793 ex

308 4836 390 4890 verbo
405 4852 451 4906 per
470 4835 642 4889 iterationem
658 4837 754 4908 primae
768 4831 880 4905 syllabae
896 4832 1062 4903 praeteritum
1080 4829 1258 4894 informante,
1274 4830 1321 4884 sed
1335 4845 1368 4882 ex
1381 4845 1490 4898 germa-

308 4924 370 4977 nico
390 4922 531 4994 ‘data-jan
551 4922 620 4975 *dota
639 4923 713 4994 quod
733 4921 884 4975 secundum
901 4930 1006 4974 sextam
1024 4917 1139 4971 classem
1161 4918 1309 4971 verborum
1333 4914 1487 4969 validorum

307 5010 471 5076 flectebatur,
489 5027 518 5065 ac
533 5010 631 5066 deinde
645 5012 679 5065 ad
693 5009 812 5065 debilem
828 5009 1053 5080 conjugationem
1067 5006 1183 5069 transiit,
1200 5015 1292 5058 ortum
1308 5016 1357 5060 est.
