3768 5742
837 993 881 1003 ..
929 957 968 1023 13
1013 994 1058 1004 -

404 1115 437 1162 2.
464 1094 504 1162 In
531 1095 635 1163 verbis
663 1097 752 1184 puris
779 1119 852 1185 quae
879 1095 920 1163 ad
947 1095 1187 1164 inlormandam
1213 1097 1367 1187 praeteriti
1393 1099 1530 1187 stirpem

358 1209 601 1300 diphthongum
623 1213 657 1276 ed
676 1231 846 1300 usurpant,
868 1211 1068 1279 semivocalis
1085 1235 1117 1278 tu
1134 1235 1210 1279 cum
1229 1214 1262 1279 in
1282 1213 1436 1302 praeteriti
1454 1211 1531 1302 plu-

359 1327 416 1393 rali
438 1348 577 1393 numero
596 1346 675 1393 ante
695 1328 941 1394 terminationes
961 1331 1087 1417 primae,
1102 1327 1251 1395 oecundae
1271 1351 1308 1396 ac
1332 1330 1436 1396 tertiae
1457 1351 1530 1416 per·

241 1457 244 1464 '
357 1463 449 1508 sonae
461 1441 615 1530 (wgerm.
632 1465 707 1506 -um
726 1442 791 1532 -up
810 1466 886 1522 -un,
903 1465 971 1530 ags.
991 1467 1054 1508 -un
1075 1443 1150 1530 -on)
1164 1461 1196 1510 et
1218 1444 1251 1509 in
1269 1444 1371 1532 prima
1390 1465 1530 1532 persona

357 1557 527 1646 singularis
549 1556 714 1624 indicativi
742 1559 907 1646 praesentis
930 1579 1006 1625 ante
1029 1559 1292 1626 terminationem
1319 1580 1456 1645 wgerm.
1487 1582 1529 1624 -u

356 1696 425 1760 ags.
444 1696 487 1753 -e,
509 1693 581 1740 tum
604 1671 764 1760 analogiae
784 1672 855 1759 lege
877 1675 911 1739 in
935 1675 1087 1761 praeteriti
1107 1673 1260 1760 singulari
1283 1696 1437 1756 numero,
1452 1673 1530 1741 inde

357 1789 454 1855 etiam
469 1789 502 1854 in
518 1807 688 1877 praesente,
706 1789 793 1854 inter
806 1787 951 1855 vocalem
969 1801 988 1854 ᾶ
1006 1808 1039 1855 et
1055 1790 1319 1856 terminationem
1335 1791 1528 1876 interposita

355 1923 405 1972 est
418 1903 468 1992 (v.
485 1903 580 1985 infra,
596 1927 629 1992 p.
648 1903 721 1992 92).

400 2020 454 2087 Pr.
473 2019 595 2086 blowan
612 2045 629 2082 c
645 2017 763 2086 florere
779 2043 810 2098 v,
821 2016 943 2107 flowan
958 2045 975 2082 c
989 2017 1088 2085 fluere
1103 2045 1137 2100 o,
1152 2021 1277 2107 glowan
1301 2045 1318 2084 ι
1333 2009 1471 2087 candere
1486 2043 1524 2097 »;

352 2148 487 2223 grauun
508 2161 525 2198 c
542 2137 664 2217 vivere,
691 2155 880 2214 crescere»,
897 2132 1020 2200 hldtoan
1037 2159 1054 2196 c
1075 2136 1215 2223 mugire,
1231 2135 1347 2203 nidere
1363 2161 1395 2218 o,
1416 2149 1525 2202 rowun

356 2277 373 2313 u
395 2251 553 2337 remigare
576 2274 616 2334 »3
644 2251 790 2316 snedwan
811 2261 940 2314 maruan
960 2247 1008 2338 (?)
1024 2275 1052 2312 -r
1072 2247 1235 2331 festinare,
1259 2251 1406 2319 celeriter
1426 2252 1474 2318 ire
1491 2275 1524 2331 n,

352 2379 479 2455 spdwan
494 2391 511 2428 c
527 2363 698 2432 succedere
714 2364 905 2451 contingere
922 2389 952 2431 a.

397 2481 435 2547 P.
454 2479 561 2560 bledw,
572 2477 680 2568 fledw,
693 2477 807 2566 gledw,
823 2482 941 2566 gredw‚
959 2479 1056 2545 hledw
1082 2482 1192 2567 specim.

399 2618 430 2685 3.
447 2595 554 2663 Verba
572 2618 716 2684 quorum
735 2597 901 2683 praesentis
922 2595 1017 2683 stirps
1039 2596 1072 2662 in
1092 2609 1140 2662 ῡτυ
1159 2595 1275 2663 desinit
1289 2616 1346 2663 aut
1366 2595 1525 2682 analogiae

350 2733 511 2802 purorum
526 2709 700 2776 verborum
717 2709 1026 2798 obtemperaverunt
1044 2708 1195 2799 (fldtvan,
1214 2724 1343 2778 sndtvan
1360 2715 1520 2794 mhuan,

346 2825 496 2915 growan)
517 2844 573 2892 aut
596 2823 635 2892 ad
657 2824 798 2892 debilem
819 2826 1086 2912 conjugationem
1104 2827 1314 2910 transierunt,
1335 2846 1460 2894 mutata
1472 2839 1522 2893 ῡιυ

346 2962 424 3009 ante
445 2939 593 3009 vocalem
616 2943 650 3008 in
671 2955 693 3006 ιῖ
714 2961 814 3029 atque
832 2941 1023 3028 interposita
1043 2941 1258 3028 semivocalis
1274 2959 1331 3008 aut
1345 2964 1377 3007 w
1394 2943 1522 3010 interr?

346 3077 380 3125 et
394 3058 676 3124 terminationem.

391 3173 446 3240 Pr.
461 3171 546 3239 bean
561 3171 716 3260 bag(t)an
727 3169 823 3237 boian
835 3170 974 3237 buwian.
988 3171 1110 3238 North.
1128 3170 1186 3259 hta
1200 3197 1216 3234 r
1231 3171 1386 3254 habitare,
1399 3173 1520 3254 colere,

346 3290 465 3356 versari
482 3315 514 3372 n,
531 3312 564 3375 p.
582 3287 661 3354 hade
681 3287 789 3368 boue,
805 3286 928 3354 North.
946 3286 1061 3375 breda·
1074 3289 1277 3376 participium
1291 3292 1446 3378 praeteriti
1463 3309 1521 3357 aut

345 3403 528 3471 secundum
549 3401 689 3469 validam
710 3404 979 3491 conjugationem
999 3401 1117 3491 (geben
1139 3403 1269 3489 gabalen,
1286 3405 1410 3472 North.
1428 3404 1519 3495 byn),

344 3540 400 3587 aut
417 3519 600 3586 secundum
613 3516 754 3586 debilem
769 3516 905 3607 (gabar)
919 3516 1124 3587 informatur.

390 3636 446 3702 Pr.
464 3638 605 3704 trnwian
620 3634 758 3722 trjwian
775 3632 958 3723 (tredwian)
978 3632 1185 3717 «confidere,
1201 3633 1342 3717 credere,
1358 3653 1473 3724 putare
1485 3660 1518 3717 a,

344 3774 378 3840 p.
395 3750 528 3830 trawde,
546 3749 634 3832 -ode,
652 3749 743 3830 -ndc,
759 3748 833 3816 -ede
837 3770 852 3826 ;
868 3772 900 3838 p.
913 3772 947 3837 p.
959 3748 1093 3831 trawod,
1105 3749 1180 3830 -ud,
1197 3749 1267 3816 -ed.
1283 3774 1369 3818 —v.
1387 3750 1518 3838 Cosjin,

347 3867 415 3934 Ws.
436 3865 595 3946 Gramm„
616 3864 696 3956 11‚§
713 3886 788 3954 133.

380 3981 421 4072 f)
439 3981 544 4049 Pauca
564 3979 706 4069 denique
724 3979 822 4047 verba
841 3999 965 4069 quartae
984 3979 1092 4047 classis
1113 4003 1341 4049 enumeremus
1360 4004 1435 4071 quae
1448 3981 1518 4048 Fri·

344 4119 465 4166 sonum
479 4096 590 4182 lingua
603 4095 755 4162 servavit.

391 4234 420 4280 1.
439 4212 493 4280 Pr.
508 4223 597 4300 we'pa
617 4209 750 4279 «fiere»
763 4211 814 4302 (p.
826 4233 875 4301 pr.
887 4211 1047 4299 wipande,
1063 4233 1078 4301 3
1092 4234 1119 4280 s.
1131 4211 1200 4279 ind.
1212 4213 1346 4303 wipet);
1365 4212 1517 4302 hydropa

345 4355 361 4391 c
380 4328 518 4396 clamate
533 4353 550 4389 n
566 4326 743 4416 (hrdpande
757 4326 892 4414 bi-ropth
906 4327 1001 4416 cet).

388 4444 426 4510 P.
443 4467 475 4532 p.
492 4440 651 4531 ur-ssdkin
670 4467 687 4505 c
702 4440 892 4509 maledictus
908 4467 948 4525 »3
966 4443 1116 4530 bi-wlpen
1140 4439 1291 4529 be-wepin
1302 4463 1317 4519 ,·
1335 4440 1516 4531 bi(h)rdpen

343 4559 515 4646 bi-hrcpen.

387 4697 420 4745 2.
446 4676 594 4763 *graman
612 4672 661 4765 (?)
688 4674 841 4757 «virete,
861 4696 1003 4742 crescere
1021 4699 1059 4759 u,
1088 4696 1103 4763 3
1135 4697 1161 4742 s.
1188 4672 1279 4762 grith
1294 4672 1516 4762 (=*griwith

340 4793 507 4882 grdwidt).

385 4907 481 4976 *Glia
498 4934 515 4971 c
533 4905 670 4974 candere
686 4931 703 4970 n
719 4930 752 4995 p.
770 4928 820 4995 pr.
836 4904 967 4993 gliande
975 4928 990 4986 ;
1003 4925 1040 4973 ut
1053 4907 1087 4972 in
1101 4905 1206 4973 verbis
1223 4905 1311 4994 puris
1326 4927 1381 4993 per
1397 4903 1514 4972 edesi-

342 5023 494 5092 nentibus
508 5023 614 5091 tertiae
627 5044 712 5111 pers.
728 5023 813 5110 sing.
830 5020 993 5089 indicativi
1011 5043 1105 5111 praes.
1126 5020 1220 5088 *ble‘th
1240 5020 1338 5087 *merla
1350 5021 1430 5090 *sith
1447 5043 1515 5088 res·
