3768 5742
397 1089 562 1155 ordroena
578 1100 703 1151 vertere
717 1109 749 1166 a,
762 1095 886 1150 wawan
901 1109 918 1148 a
931 1082 1022 1168 flare,
1033 1083 1155 1172 spirare
1169 1107 1204 1166 u,
1214 1080 1337 1148 clowen
1349 1106 1366 1144 «
1378 1079 1520 1169 scalpere
1533 1106 1570 1165 »ς

400 1225 446 1269 m.
464 1200 551 1288 engl.
569 1200 682 1268 aarum
700 1197 840 1267 «fovere
856 1225 888 1266 a.

444 1319 483 1385 Ρ.
509 1315 605 1384 blcdw
628 1320 731 1384 caedra
753 1319 850 1385 credw
872 1316 1010 1383 *medard
1030 1317 1121 1395 scdw,
1146 1316 1261 1395 hradec),
1284 1312 1573 1381 *maturaretur

444 1432 529 1500 Raro
554 1454 613 1523 pro
638 1436 672 1498 ιό
693 1445 853 1521 apparete
873 1431 1044 1520 promissa,
1071 1429 1220 1497 videlicet
1244 1430 1295 1496 in:
1322 1442 1408 1496 caeru
1429 1442 1504 1497 saw.
1528 1467 1573 1480 -

400 1571 431 1615 v.
451 1547 583 1635 Cosjin,
600 1547 668 1615 Ws.
687 1547 831 1616 Gruntm.
847 1547 876 1629 I,
894 1546 912 1636 §
927 1549 982 1615 26.

438 1663 479 1753 s)
494 1663 532 1730 In
547 1663 724 1731 Frisonum
737 1661 847 1752 lingua
860 1684 969 1751 paucae
984 1679 1112 1730 exstant
1125 1659 1241 1728 formae
1253 1659 1431 1728 verborum
1449 1660 1573 1749 quintae

398 1779 518 1846 classis.

432 1870 478 1962 ⁵1.
495 1896 549 1962 Pr.
569 1894 663 1962 brada
679 1921 695 1958 a
713 1892 823 1961 lovere
838 1919 877 1976 u;
895 1893 957 1960 leta
975 1919 992 1957 a
1010 1893 1205 1982 relinquere,
1226 1891 1414 1980 permittere
1430 1917 1447 1954 a
1461 1918 1471 1976 ;
1487 1892 1572 1979 slepa

402 2036 418 2074 a
431 2010 575 2079 dormire
586 2037 618 2094 »3
631 2009 699 2078 tila
717 2003 867 2098 «capere,
876 2008 1077 2099 prehendere
1088 2035 1104 2073 u
1117 2008 1153 2099 (3
1166 2031 1193 2077 s.
1207 2007 1322 2076 lvi-tecla
1332 2029 1391 2096 pro
1401 2006 1569 2097 *bi-recht).

442 2128 481 2194 P.
498 2150 531 2214 p.
548 2127 631 2194 letan
646 2125 736 2210 letan,
755 2125 914 2214 bi-slcpen.

442 2242 483 2310 P.
500 2240 553 2324 let,
568 2242 606 2310 lat
624 2261 693 2331 opt.
708 2243 788 2309 lette.

445 2377 477 2424 2.
495 2357 548 2424 Pr.
567 2356 647 2424 *hara
662 2355 765 2424 «flare
778 2380 808 2438 u,
823 2355 904 2423 *mia
922 2375 1074 2423 emerere
1084 2381 1118 2436 a,
1134 2354 1196 2422 *sio
1214 2376 1346 2422 aserere
1363 2379 1379 2417 ›>
1390 2353 1572 2446 =*blia(n)

397 2469 537 2561 *ωε-αφ)
551 2471 699 2553 *blesum
716 2492 779 2540 cet.
797 2493 812 2560 3
829 2494 856 2538 s.
874 2471 954 2538 math
969 2471 1165 2538 :meruith

443 2588 481 2654 P.
497 2610 530 2676 p.
548 2600 636 2654 asan
648 2586 903 2678 =*(g)i-sewin.

443 2703 482 2770 P.
501 2724 515 2791 3
537 2726 564 2770 s.
587 2701 698 2770 birram
713 2702 814 2770 :hle
830 2719 869 2780 ÷
886 2727 919 2770 er
937 2719 1113 2780 -1-em.-
1131 2726 1163 2769 v.
1184 2725 1246 2769 van
1267 2700 1403 2784 Helten,
1418 2701 1567 2792 Altostfr.

401 2816 561 2899 Grumm.,
580 2817 686 2909 §244

441 2934 554 3016 Nunc,
566 2932 763 3022 perlustratis
778 2935 920 3024 quinque
934 2933 1086 3001 classibus
1102 2931 1277 3000 verborum
1288 2954 1361 3022 quae
1369 2933 1568 3020 praeteritum

398 3071 455 3137 per
470 3049 677 3116 iterationem
693 3049 804 3138 primae
818 3048 945 3137 syllabae
959 3047 1173 3116 informamm
1189 3049 1222 3116 in
1238 3046 1373 3136 singulis
1385 3047 1569 3116 Germaniae

397 3163 540 3233 dialectis
554 3163 696 3254 praebent
712 3163 805 3232 liceat
819 3187 983 3232 summam
999 3163 1095 3250 hujus
1109 3166 1221 3253 capitis
1243 3164 1382 3232 breviter
1402 3163 1568 3252 complec-

398 3297 519 3359 tamur,
535 3297 567 3344 et
580 3277 750 3368 (neglectis
765 3281 966 3367 paucissimis
981 3281 1155 3348 rarioribus
1169 3278 1284 3348 formis
1300 3278 1340 3346 de
1354 3279 1472 3369 quibus
1486 3277 1568 3346 inlra

397 3393 600 3484 loquendum
622 3393 698 3484 erit)
721 3394 984 3463 demonstremus
1007 3395 1085 3486 quid
1109 3395 1205 3464 fuerit
1232 3394 1389 3485 peculiare
1413 3398 1567 3486 cujusque

397 3510 504 3578 classis
518 3508 694 3577 verborum
707 3511 740 3577 in
758 3512 939 3600 antiquiore
951 3510 1072 3598 linguae
1084 3531 1183 3579 statu.

439 3626 482 3692 A.
509 3625 612 3708 Quod
636 3625 676 3693 ad
701 3648 839 3715 praesens
863 3629 1020 3717 pertinet,
1046 3627 1220 3695 dividimus
1244 3626 1340 3694 verba
1361 3629 1397 3695 in
1421 3629 1566 3719 quinque

395 3741 524 3822 classes,
539 3759 637 3830 prout
650 3741 768 3809 vocalis
785 3741 896 3810 radicis
909 3765 942 3823 a,
959 3743 1010 3810 vel
1024 3746 1070 3825 ai,
1088 3741 1138 3810 vel
1153 3764 1208 3825 uu,
1225 3742 1277 3810 vel
1291 3755 1320 3823 ὅ,
1338 3740 1390 3809 vel
1403 3755 1421 3810 ῑ
1433 3764 1512 3812 erat.

437 3857 477 3948 a)
493 3856 601 3924 Verba
615 3879 687 3946 quae
701 3880 758 3947 pet
771 3858 917 3926 vocalem
938 3881 970 3942 a,
989 3860 1129 3928 subactis
1149 3860 1274 3928 duabus
1296 3861 1450 3927 consonis
1464 3857 1566 3928 infor·

395 3991 483 4041 mara
510 3991 604 4057 sunt,
630 3973 669 4040 ab
699 3974 737 4041 iis
764 3975 868 4043 verbis
897 3975 984 4045 haud
1010 3977 1209 4066 segreganda
1233 3999 1303 4046 esse
1328 3975 1469 4044 vidimus
1493 3999 1565 4067 quae

394 4086 620 4177 diphthongos
635 4091 671 4157 ai
684 4089 736 4157 vel
749 4113 791 4158 au
805 4091 839 4159 in
855 4091 959 4161 radice
974 4092 1080 4162 media
1094 4092 1259 4183 praebent;
1282 4115 1400 4182 nempe
1418 4092 1452 4159 in
1467 4092 1517 4161 his
1531 4113 1565 4161 et

394 4204 429 4270 in
451 4204 513 4272 illis
534 4204 654 4272 vocalis
675 4227 696 4272 a
716 4223 792 4274 ante
811 4205 1026 4275 bicousonam
1046 4207 1091 4289 lx,
1112 4231 1155 4275 nx
1174 4207 1225 4274 vel
1247 4210 1292 4292 ix,
1314 4232 1358 4294 px
1374 4209 1479 4297 posita
1495 4231 1564 4277 esse

390 4339 532 4409 apparet.

433 4433 469 4524 β)
484 4432 587 4502 Radix
600 4433 774 4501 verborum
790 4456 863 4523 quae
876 4435 1022 4503 vocalem
1038 4449 1055 4503 ῡ
1069 4434 1237 4519 exhibent,
1255 4455 1311 4504 aut
1330 4436 1365 4503 in
1380 4457 1562 4504 consonam

389 4550 580 4640 quamdam,
597 4551 700 4617 autin
718 4550 946 4618 semivocalem
956 4552 1046 4620 wvel
1065 4555 1099 4620 in
1114 4551 1261 4620 vocalem
1276 4553 1379 4640 ipsam
1394 4565 1412 4619 o
1428 4551 1559 4620 desinit.

390 4667 546 4748 Quorum
561 4666 738 4733 verborum
760 4665 811 4733 illa
831 4665 1011 4734 secundum
1032 4667 1172 4736 validam
1192 4670 1458 4757 conjugationem
1480 4667 1563 4737 flexa

389 4801 479 4862 sunt,
495 4784 564 4850 haec
578 4783 612 4849 in
630 4781 781 4850 omnibus
795 4781 949 4868 dialectis,
966 4783 1219 4873 anglosaxonica
1233 4803 1377 4873 excepta,
1394 4783 1434 4851 ad
1449 4787 1561 4871 conju-

389 4899 558 4986 gationem
574 4896 712 4965 debilem
727 4899 934 4967 transierunt.

431 5013 469 5104 γ)
483 5013 582 5082 Haud
598 5015 690 5082 aliter
703 5014 794 5083 radix
807 5015 983 5085 verbomm
997 5039 1070 5106 quae
1089 5015 1236 5085 vocalem
1254 5029 1272 5084 ῑ
1289 5017 1324 5084 iu
1343 5016 1448 5086 media
1461 5019 1560 5109 stirpe
