3768 5742
944 956 988 968 ..
1034 939 1053 1005 7
1100 956 1146 966 --

459 1085 475 1122 n
492 1059 656 1148 possidere
674 1085 711 1145 o;
735 1059 882 1128 wealdan
899 1086 915 1124 n
934 1082 1068 1148 regnare
1086 1085 1124 1143 »3
1140 1058 1258 1128 scaltan
1277 1084 1293 1122 α
1311 1057 1422 1125 sallere
1439 1084 1477 1144 »3
1496 1058 1633 1125 wealtan

459 1201 476 1239 n
494 1175 626 1244 volvere
642 1203 678 1260 n;
688 1176 816 1268 scallan
836 1203 853 1240 <r
868 1177 982 1244 cadere
996 1174 1060 1244 labi
1076 1201 1112 1259 »ς
1130 1175 1266 1243 weallan
1284 1194 1446 1255 «scatere,
1457 1171 1579 1242 fervere
1596 1198 1611 1235 n
1621 1198 1631 1254 ;

453 1291 592 1359 wealcan
612 1318 628 1356 α
643 1292 786 1377 volvere,
804 1293 1021 1382 comprimere
1036 1317 1068 1358 u.

500 1408 649 1477 Subactis
664 1407 789 1476 duabus
803 1411 973 1492 consonis,
991 1431 1129 1497 quarum
1150 1409 1254 1497 prima
1274 1406 1389 1474 nasalis
1409 1430 1444 1491 n,
1468 1431 1508 1474 ex
1531 1404 1636 1473 vocali

455 1545 475 1589 a
490 1521 528 1591 fit
543 1548 572 1606 o,
590 1549 662 1615 qnae
677 1550 694 1593 a
710 1525 924 1594 veterioribus
940 1524 1127 1592 auctoribus
1141 1547 1198 1614 per
1211 1546 1244 1608 a,
1261 1523 1390 1604 deinde,
1407 1545 1500 1590 nono
1514 1522 1633 1590 saeculo

455 1661 539 1727 pero
550 1640 692 1711 effertur.
706 1665 739 1709 v.
753 1641 893 1722 Sievers,
904 1644 987 1730 Agr.
1005 1640 1165 1722 Grnmm„
1179 1641 1245 1732 §65
1263 1664 1270 1706 :
1283 1663 1329 1729 pr.
1343 1639 1469 1707 barman
1479 1638 1637 1728 (bonnan)

458 1785 474 1822 κ
493 1757 627 1826 bannire
644 1784 679 1841 v,
704 1759 843 1827 blandan
869 1759 1041 1849 (blandan)
1065 1785 1082 1822 <r
1103 1761 1237 1828 miscere
1257 1785 1293 1842 n,
1317 1780 1449 1847 gangan
1473 1756 1637 1847 (gangen)

458 1873 538 1940 nire
561 1899 591 1940 a.
616 1872 654 1940 In
675 1875 926 1968 Northumbriae
948 1874 1086 1942 dialecto
1106 1898 1145 1942 ex
1168 1900 1198 1958 0,
1221 1895 1377 1966 sequente
1396 1872 1525 1963 palatali
1543 1898 1579 1962 g,
1603 1895 1637 1939 eo

456 1987 493 2056 fit
515 2013 523 2056 ε
546 1990 592 2056 ita
613 1989 713 2057 verbo
734 2013 863 2078 gangan
884 1988 1060 2079 respondet
1074 1991 1107 2056 in
1130 1989 1189 2058 hac
1206 1989 1343 2058 dialecto
1363 2010 1523 2078 grangen.
1542 2029 1587 2039 -
1603 2011 1634 2053 v.

457 2106 596 2187 Sievers,
613 2109 695 2192 Agr.
717 2106 878 2188 Gramm„
895 2106 913 2197 §
933 2126 1007 2195 157,
1023 2129 1057 2192 4.

502 2221 541 2288 ln
556 2222 749 2309 germanicis
763 2221 870 2288 verbis
884 2221 1067 2308 *sanhanan
1080 2220 1279 2302 *banhanan,
1295 2219 1412 2306 *saban
1426 2219 1560 2300 *bahan
1582 2217 1638 2287 ubi

457 2338 634 2404 anasalem
652 2359 773 2403 sonum
798 2336 914 2424 adepta
933 2354 995 2418 est,
1015 2335 1135 2403 vocalis
1156 2349 1176 2401 ᾶ
1195 2336 1229 2401 in
1252 2348 1270 2401 ῡ
1287 2337 1502 2403 immutatur:
1523 2333 1636 2422 *johan

456 2452 572 2521 *hohan
582 2477 597 2533 ;
618 2477 691 2542 quae
709 2451 826 2520 formae
845 2450 962 2521 deinde
982 2453 1016 2518 in
1031 2454 1107 2543 fon,
1128 2452 1188 2519 hon
1209 2449 1412 2520 coaluerunt.
1435 2475 1467 2519 v.
1496 2451 1632 2531 Sievers,

456 2572 537 2656 Agr.
561 2569 719 2650 Gramm„
737 2567 773 2659 §§
789 2571 845 2656 67,
866 2588 941 2656 115,
960 2589 1036 2656 374,
1052 2589 1139 2636 anm.
1161 2588 1192 2650 1,
1209 2588 1241 2634 2.

500 2685 656 2752 Vocalem
670 2708 686 2750 ι
701 2683 820 2772 praebet
836 2683 1017 2750 infinitivus
1030 2706 1158 2771 grngan
1172 2681 1248 2772 (ἅπ.
1264 2682 1351 2771 λεγ.)
1368 2681 1470 2750 Andr.
1492 2703 1587 2770 1097.

500 2801 705 2867 Praeteritum
720 2821 777 2887 per
791 2799 1013 2888 apophoniam
1029 2798 1258 2880 informatum,
1276 2797 1521 2888 diphthongum
1535 2821 1570 2864 ιο
1580 2817 1635 2865 aut

455 2915 601 2984 vocalem
617 2940 633 2982 e
649 2915 782 2983 brevem
797 2918 831 2982 in
846 2918 947 3005 stirpe
962 2914 1104 2983 exhibet.
1730 3005 1734 3017 ·

427 3118 431 3126 ι
507 3054 535 3100 1.
562 3033 611 3099 Εο
635 3029 781 3120 praebent
807 3055 814 3097 :
842 3032 970 3123 feol(l),
991 3031 1128 3122 weol(l),
1145 3031 1246 3120 feold,
1271 3030 1370 3113 heold,
1394 3029 1500 3109 snotd,
1522 3028 1631 3110 turold,

452 3150 537 3232 sealt,
553 3148 657 3230 weolt,
673 3149 780 3228 rurale,
796 3170 911 3236 geong,
930 3162 1054 3236 speonn.
1073 3148 1181 3216 Verba
1199 3161 1320 3236 spanan
1336 3144 1513 3236 spon(n)an
1538 3171 1554 3208 n
1570 3146 1635 3213 alli-

455 3286 526 3331 cere
540 3290 557 3327 a
570 3282 602 3331 et
617 3265 764 3332 weahsan
783 3289 799 3327 n
811 3286 954 3331 crescere
965 3291 981 3327 »
999 3265 1260 3355 quaesecundum
1275 3285 1401 3330 sextam
1416 3259 1552 3327 classem
1564 3282 1636 3327 ver-

458 3378 577 3448 borum
592 3379 775 3447 validorum
790 3378 980 3462 flectuntur,
997 3383 1198 3470 praeteritum
1210 3393 1286 3468 spon
1301 3398 1356 3446 aut
1370 3391 1462 3467 speon
1477 3377 1632 3467 (speonn),

453 3509 524 3563 wax
542 3516 597 3563 aut
611 3496 712 3565 weohr
726 3495 884 3586 praebent.
900 3519 987 3563 -ν,
1005 3496 1142 3580 Sievers,
1161 3497 1258 3564 Beitr.
1275 3495 1337 3576 IX,
1348 3518 1380 3582 p.
1398 3495 1484 3580 2843
1503 3493 1632 3582 Cosjin,

457 3612 582 3694 Wests„
605 3612 751 3681 Gramm.
769 3612 813 3694 II,
831 3634 864 3700 p.
888 3631 963 3698 141,
986 3614 1060 3697 146.

497 3749 530 3795 2.
548 3727 672 3796 enobis
687 3728 830 3795 occurrit
845 3726 880 3793 in
894 3749 979 3815 gang
991 3748 1088 3815 spenn
1106 3727 1243 3793 Genesis
1258 3727 1336 3810 626,
1355 3728 1432 3815 834,
1449 3744 1536 3812 4453
1554 3747 1634 3815 quas

451 3841 586 3925 formas,
604 3863 640 3910 ut
653 3842 832 3931 permultas
846 3841 923 3910 alias
944 3843 978 3910 in
1001 3842 1123 3910 Genesi
1145 3866 1217 3932 quae
1238 3864 1277 3908 ex
1298 3845 1450 3909 saxonica
1467 3842 1580 3930 lingua
1599 3842 1632 3909 in

451 3960 737 4048 anglosaxonicam
768 3959 923 4028 translata
951 3978 1012 4040 est,
1042 3982 1111 4028 non
1139 3960 1409 4045 anglosaxonicus
1437 3959 1493 4028 sed
1522 3960 1632 4048 potius

452 4076 622 4143 saxonicus
637 4097 746 4143 sermo
762 4074 950 4164 usurpabat.

496 4191 619 4258 Mirum
641 4191 771 4258 videtur
789 4193 951 4279 praeterita
969 4191 1061 4278 fang,
1080 4190 1161 4275 heng
1176 4209 1208 4255 et
1225 4189 1315 4257 bland
1333 4188 1481 4256 vocalem
1494 4193 1514 4255 ἔ
1526 4214 1631 4259 serva-

450 4309 547 4391 visse,
564 4328 640 4373 cum
657 4306 691 4373 in
706 4329 819 4395 geong,
838 4305 996 4395 analogiae
1010 4304 1081 4392 lege
1096 4305 1160 4371 ein
1184 4327 1217 4371 ro
1233 4323 1356 4373 mutata
1372 4306 1413 4372 sit
1428 4305 1515 4373 utin
1530 4307 1629 4389 beold,

445 4423 536 4513 froll,
552 4442 615 4490 cet.

494 4535 692 4604 Addendum
709 4557 758 4604 est
774 4536 920 4625 linguam
935 4536 1223 4626 anglosaxonicam
1239 4539 1456 4605 recentiorem
1477 4560 1631 4605 nonnun-

450 4675 550 4743 quam
563 4675 579 4719 ε
594 4672 627 4720 et
645 4676 679 4719 eo
700 4653 771 4719 sine
792 4650 979 4719 discrimine
1000 4653 1223 4741 usurpavisse:
1246 4655 1292 4719 ita
1314 4651 1490 4719 undecimo
1512 4652 1631 4719 saeculo

449 4769 611 4856 praeterita
625 4766 707 4848 held,
724 4767 784 4834 leot
802 4793 819 4830 n
835 4768 982 4855 permisit
999 4793 1031 4852 v,
1047 4767 1115 4834 hrot
1131 4793 1147 4831 n
1166 4767 1292 4835 vocavit
1305 4793 1320 4830 u
1334 4768 1368 4833 in
1379 4767 1483 4834 vicem
1493 4769 1632 4835 veterio-

450 4899 524 4950 rum
554 4884 794 4973 praeterirorum
818 4883 920 4966 beold,
947 4883 1000 4968 lat,
1032 4885 1092 4970 be'l,
1120 4882 1293 4974 aliquando
1323 4902 1559 4952 successerunt.
1588 4922 1632 4934 -—

451 5023 483 5068 v.
503 4998 623 5088 Kluge,
642 4999 750 5068 Germ.
772 4999 881 5088 Conj„
899 5024 929 5090 p.
950 5002 1005 5085 98,
1022 5025 1094 5091 sqq.
