3768 5742
886 964 1109 1031 ..13-

412 1087 512 1157 verbo
527 1087 668 1176 hnedpan
682 1085 729 1178 (?)
747 1112 763 1150 «
779 1107 938 1176 carpere»
959 1083 1016 1177 (cf.
1034 1103 1106 1173 got.
1125 1083 1331 1171 dis-hniupan
1346 1084 1588 1172 abtappnvvivnt

411 1235 444 1276 τι
471 1206 507 1294 »)
530 1202 741 1289 declinatum,
764 1202 939 1272 Ettmtiller
956 1203 991 1269 in
1011 1201 1110 1288 hnedp
1130 1199 1328 1267 mutandum
1348 1221 1417 1266 esse
1442 1199 1586 1284 conjicit.

411 1320 535 1387 Utrum
551 1320 718 1408 praeteritis
735 1318 876 1406 genedp?
894 1316 1008 1386 onredd
1026 1313 1177 1382 «imbuit
1195 1341 1211 1378 n
1227 1314 1396 1403 praesentia
1413 1311 1590 1402 *gencdpan

409 1437 585 1505 *onreddaa
612 1460 653 1503 an
684 1434 847 1523 *genopan
874 1435 1035 1502 *onrodan
1064 1430 1298 1521 respondeant,
1329 1432 1491 1499 incertum
1520 1450 1588 1514 est3

409 1576 443 1619 v.
461 1554 560 1621 Beitr.
580 1553 641 1633 IX,
657 1554 735 1638 287.
757 1553 786 1618 A
806 1549 906 1617 verbo
934 1549 1045 1638 bedfan
1061 1546 1150 1638 quod
1165 1549 1347 1617 secundum
1362 1546 1514 1629 validam,
1535 1565 1591 1614 aut

412 1666 533 1756 hedfian
553 1667 641 1756 quod
664 1665 847 1734 secundum
865 1665 1005 1733 debilem
1020 1665 1289 1753 conjugationem
1309 1663 1462 1747 flectitur,
1478 1680 1590 1750 praete-

411 1785 512 1852 ritum
540 1783 629 1872 *bedf
653 1782 697 1872 pl.
729 1783 843 1873 hedsun
875 1801 931 1849 aut
957 1781 1095 1870 bedfdun
1118 1780 1309 1849 declinatur.
1342 1817 1387 1830 -
1414 1803 1446 1844 v.
1472 1777 1588 1862 Beria,

411 1900 473 1981 IX,
490 1901 568 1986 278.
994 1887 1000 1899 '

450 2013 551 2106 f)In
571 1993 747 2082 Frisonum
770 2011 1005 2102 linguapauca
1026 2011 1123 2080 verba
1146 2013 1249 2080 tertiae
1269 2010 1377 2078 classis
1401 2029 1588 2099 supersunt,

411 2129 584 2197 videlicet:

456 2247 511 2314 Pr.
544 2245 636 2312 batua
670 2271 686 2309 a
710 2243 892 2326 concidere,
916 2242 1063 2312 occidere
1086 2269 1118 2325 n,
1143 2241 1240 2330 hldpa
1268 2269 1285 2306 <r
1309 2265 1436 2310 currere
1459 2268 1493 2326 a,
1514 2253 1590 2308 stato

413 2388 429 2424 a
447 2380 626 2451 percutere,
639 2359 775 2429 tundere
791 2386 808 2424 n
825 2359 930 2452 (quod
944 2360 978 2426 in
995 2358 1135 2428 debilem
1151 2361 1417 2447 conjugationem
1433 2357 1588 2447 transiit).

458 2478 496 2545 P.
518 2502 551 2566 p.
572 2477 739 2568 hrt(a)wcn
748 2499 763 2556 ;
785 2476 923 2564 e-blepen
945 2476 1057 2564 lipom
1081 2475 1287 2555 truchstetem
1307 2475 1384 2542 aben
1407 2500 1423 2536 a
1440 2495 1590 2563 magnus,

411 2592 565 2682 gravidus
580 2619 613 2658 u.
1253 2605 1257 2612 ·

458 2710 498 2776 P.
517 2709 703 2798 optativum
717 2707 817 2795 hliope
832 2707 984 2776 dialectos
999 2707 1024 2774 F
1027 2708 1110 2774 risiae
1124 2705 1335 2775 occidentalis
1348 2707 1499 2775 servavit.

978 3014 1026 3082 IV

458 3233 511 3301 Ad
531 3233 627 3301 verba
648 3234 824 3302 transimus
842 3234 877 3300 in
901 3233 1019 3323 quibus
1041 3233 1227 3323 germanica
1251 3233 1370 3302 vocalis
1392 3247 1410 3301 ὁ
1430 3233 1469 3302 ad
1492 3234 1593 3303 infor·

417 3349 571 3417 mandam
593 3353 760 3440 praesentis
784 3351 919 3440 stirpem
939 3351 1170 3442 usurpatur(¹)
1181 3377 1190 3434 3
1218 3374 1291 3440 quae
1306 3370 1363 3418 aut
1375 3374 1433 3440 per
1445 3351 1592 3420 vocalem

414 3467 519 3554 ipsam
536 3479 564 3548 ῦ,
585 3485 639 3532 aut
654 3489 711 3556 per
725 3465 954 3535 semivocalem
974 3489 1017 3550 w,
1033 3485 1089 3534 aut
1108 3489 1164 3555 per
1188 3488 1370 3534 consonam
1391 3464 1522 3548 desinit,
1537 3487 1593 3535 aut

308 3623 310 3628 ·
417 3583 516 3648 etiam
530 3579 641 3649 addito
657 3581 822 3650 elemento
833 3587 850 3670 j
863 3579 1072 3649 informatur.
1095 3582 1134 3649 In
1155 3581 1321 3649 vocabulis
1336 3605 1479 3672 quorum
1498 3585 1593 3673 stirps

418 3698 453 3765 in
468 3711 517 3765 ow
532 3696 664 3780 desinit,
681 3697 882 3766 semivocalis
900 3721 931 3762 w
949 3717 1005 3764 aut
1024 3699 1090 3784 jam
1109 3698 1144 3764 in
1163 3697 1275 3785 lingua
1288 3697 1593 3786 indoeuropaearum

418 3814 589 3900 genitrice,
619 3834 675 3882 aut
702 3813 818 3881 saltem
841 3814 874 3880 in
895 3815 1081 3902 germanica
1103 3813 1288 3903 antiquiore
1308 3833 1383 3881 ante
1412 3835 1594 3882 consonam

416 3928 544 3996 cecidit.
561 3929 770 3998 Semivocalis
779 3930 797 4020 j
808 3930 993 4018 germanice
1014 3929 1165 3998 eamdem
1185 3931 1255 3998 vim
1278 3928 1377 3998 habet
1397 3950 1496 4020 atque
1515 3954 1594 3999 con-

416 4064 508 4111 sona.

461 4157 499 4249 o)
516 4158 635 4226 Gotica
649 4158 759 4248 lingua
773 4159 920 4228 vocalem
935 4173 953 4227 o
973 4180 1049 4228 ante
1068 4182 1251 4229 consonam
1270 4161 1414 4250 positam
1433 4162 1595 4250 integram

421 4275 572 4357 servavit,
584 4294 621 4342 ut
632 4274 751 4344 docent
761 4275 923 4366 exempla:
936 4299 985 4367 pr.
999 4277 1103 4345 blotan
1118 4303 1133 4340 a
1140 4281 1296 4364 σέβεσθαί
1301 4302 1384 4366 τινα,
1392 4282 1594 4368 λατρεύειν»,

417 4390 551 4479 hwopan
576 4416 593 4454 <t
615 4399 801 4480 καυχᾱσὲαι
826 4419 858 4474 u,
889 4417 920 4482 p.
941 4392 1104 4483 faiflokun
1129 4393 1169 4462 L.
1198 4395 1232 4474 8,
1262 4413 1301 4481 52
1329 4396 1535 4466 «ἐκόπτοντο
1562 4421 1595 4480 u,

417 4505 593 4595 lawoihwop
611 4506 652 4574 K.
673 4529 706 4594 7,
728 4529 788 4594 14;
811 4511 935 4596 wopjon
959 4535 974 4572 a
989 4519 1064 4596 βοᾶν
1079 4512 1266 4598 κραυγάζειν
1280 4512 1408 4600 χράζειν
1423 4535 1440 4572 »
1461 4511 1509 4600 (p.
1527 4523 1596 4578 wo-

412 4620 511 4712 pida)
532 4622 690 4710 analogiae
704 4622 879 4691 verborum
895 4623 1051 4693 debilium
1069 4624 1319 4714 obtemperavit.

458 4967 481 5004 t.
505 4951 544 5004 Ex
564 4969 616 5024 qua
634 4952 827 5025 indoeuropaea
847 4955 935 5009 vocali
955 4957 1140 5026 germanicas>
1159 4958 1187 5009 in
1208 4956 1297 5010 verbis
1312 4970 1414 5027 quarrae
1432 4954 1523 5009 classis
1537 4967 1596 5010 orta

417 5041 461 5104 sit,
479 5039 540 5093 vide
556 5041 625 5096 insta
638 5043 677 5114 (p.
697 5058 731 5112 70
745 5043 827 5116 sqq).
