3768 5742
347 1067 403 1118 aut
418 1067 579 1119 servatam
588 1073 650 1119 nec
660 1051 695 1120 in
710 1052 724 1119 i
737 1052 949 1119 immutatam
962 1049 1061 1119 fuisse
1075 1049 1129 1141 (ut
1138 1050 1173 1118 in
1186 1051 1299 1119 ceteris
1307 1051 1424 1140 goticis
1434 1073 1528 1121 voca·

348 1163 432 1234 bulis
445 1165 590 1256 accidit),
607 1169 712 1235 autin
735 1170 748 1235 i
767 1165 904 1258 quidem
922 1167 1147 1250 immutatam,
1163 1165 1217 1234 sed
1232 1169 1361 1256 juvante
1382 1166 1530 1255 analogia

347 1281 463 1349 formae
480 1282 590 1373 rairap
611 1283 645 1350 in
663 1285 683 1349 ἔ
693 1280 743 1372 (id
763 1303 814 1350 est
826 1300 898 1372 got.
916 1282 967 1372 aa)
982 1304 1092 1349 rursus
1106 1304 1282 1370 regressam
1295 1281 1404 1349 fuisse.
1422 1282 1529 1350 Rebus

348 1396 392 1463 ita
410 1419 444 1464 se
464 1395 672 1479 habentibus,
697 1399 858 1485 conjicere
881 1395 956 1464 licet
980 1396 1127 1465 vocalem
1151 1400 1178 1479 ἔ,
1203 1399 1237 1464 in
1259 1396 1413 1464 indicium
1434 1395 1529 1465 redu·

347 1509 471 1599 plicatae
488 1510 618 1601 syllabae
633 1535 776 1597 versam,
792 1535 810 1579 a
828 1511 933 1580 verbis
949 1511 1145 1580 secundaret
1160 1514 1276 1596 tertiae,
1291 1531 1403 1602 postea
1416 1513 1530 1601 primae

348 1645 379 1692 et
396 1647 519 1717 quartae
536 1627 643 1696 classis
652 1647 842 1717 usurpatam
861 1651 951 1711 esse;
967 1630 1012 1696 ita
1031 1646 1068 1695 ut
1088 1631 1219 1716 juvante
1239 1628 1385 1716 analogia
1409 1627 1529 1695 forma-

346 1761 420 1806 rum
443 1739 578 1822 haihait,
602 1740 749 1809 *heribald
772 1766 788 1804 «
813 1744 920 1809 tenuit
941 1767 972 1824 a,
996 1741 1164 1828 *haihloup
1182 1765 1198 1804 rr
1218 1741 1357 1808 cucurrit
1377 1766 1409 1822 a,
1430 1741 1529 1809 etiam

346 1856 507 1943 praeterita
517 1855 657 1946 faifall),
670 1856 798 1945 faifah,
814 1878 893 1938 cet„
904 1859 1098 1925 exstiterint.
1108 1857 1167 1948 (V.
1179 1855 1298 1947 Kluge,
1313 1856 1419 1926 Germ.
1430 1862 1525 1949 conj„

345 1992 378 2058 p.
397 1972 461 2056 893
480 1969 520 2038 cf.
541 1968 692 2056 Osthoff,
709 1971 814 2059 Perf„
835 1977 899 2060 276
916 1971 1009 2063 sqq.)

390 2105 423 2152 2.
440 2085 480 2152 In
497 2085 779 2154 Scandinavorum
794 2085 907 2175 lingua
922 2105 1098 2176 supersunt
1112 2109 1221 2176 paucae
1233 2086 1348 2155 formae
1362 2089 1395 2157 in
1409 2087 1526 2179 quibus

344 2220 471 2269 servata
494 2199 692 2291 reduplicata
714 2200 837 2288 syllaba
858 2223 1034 2294 postquam
1058 2222 1151 2271 acuta
1176 2203 1259 2272 facta
1282 2223 1343 2287 est,
1369 2228 1428 2294 pro
1452 2228 1526 2273 vera

344 2318 444 2405 stirpe
457 2317 611 2406 praeteriti
626 2315 735 2384 habita
749 2335 810 2384 est.

388 2434 419 2499 Α
438 2430 539 2500 verbo
565 2436 621 2499 πόα
644 2458 661 2495 «
677 2433 870 2519 remigare»
893 2431 1016 2502 flexum
1037 2452 1085 2502 est
1109 2437 1310 2524 praeteritum
1333 2457 1416 2518 trra,
1437 2457 1523 2520 rara,

343 2546 376 2614 id
391 2566 440 2615 est
455 2570 560 2637 germ.
578 2545 714 2637 *rc-rod
732 2547 759 2638 ).

388 2662 535 2730 Averbo
548 2663 583 2730 sd
601 2688 618 2727 rr
635 2685 741 2730 serere
758 2689 789 2745 a,
813 2686 846 2751 p.
867 2685 948 2745 sera,
971 2686 1054 2745 sara,
1070 2696 1115 2722 =
1129 2688 1232 2754 germ.
1252 2666 1345 2754 *sera
1368 2665 1523 2756 *ει-3603).

389 2777 419 2843 A
438 2775 540 2846 verbo
558 2777 606 2844 sld
627 2803 644 2841 r<
669 2776 841 2845 verberare
868 2803 899 2861 a,
925 2802 960 2868 p.-
983 2779 1077 2861 alera,
1104 2780 1198 2862 tlara,
1225 2812 1270 2838 =
1289 2803 1394 2870 germ.
1416 2780 1522 2869 birro,

342 2890 510 2983 *εἶα-πύῳ).

388 3007 420 3073 A
438 3006 643 3074 verbosatio
668 3032 685 3070 v
707 3025 833 3075 vertere
856 3033 889 3090 a,
913 3032 946 3097 p.
965 3031 1069 3091 snera,
1091 3031 1194 3090 snare,
1215 3039 1259 3067 =
1276 3032 1380 3099 germ.
1405 3010 1521 3099 *suero

342 3121 521 3212 *sne-sd(c).

388 3237 416 3302 A
431 3235 532 3303 verbo
548 3239 628 3325 grda
645 3261 661 3300 <r
679 3258 824 3304 crescere
841 3262 872 3319 a,
889 3261 921 3325 p.
934 3259 1042 3327 grata,
1055 3261 1151 3326 grata
1162 3236 1524 3328 =germ.*gre·rd(e)?

389 3350 450 3418 His
465 3348 546 3418 adde
561 3350 700 3418 verbum
713 3353 803 3440 gartia
825 3377 841 3414 r
860 3351 1004 3419 radere»
1027 3352 1116 3443 quod
1133 3353 1315 3441 analogiam
1335 3352 1424 3420 verbi
1443 3354 1523 3420 sntio

342 3485 507 3549 secutum,
524 3467 725 3555 praeteritum
739 3487 852 3555 gnara,
870 3489 986 3556 gnara,
1005 3467 1048 3535 cf.
1064 3491 1166 3549 snera,
1183 3491 1286 3550 snara,
1303 3467 1444 3535 exhibet.

294 3625 298 3631 -
385 3579 727 3648 Animadvertendum
746 3601 809 3663 est,
831 3603 867 3649 ut
886 3583 920 3649 in
944 3584 1054 3670 gotica
1072 3585 1188 3671 saialip
1207 3583 1251 3650 ita
1274 3585 1309 3650 in
1328 3583 1522 3671 germanicis

342 3693 458 3764 formis
472 3697 566 3785 *seara
583 3697 690 3784 *sicam
712 3697 829 3785 *suern
857 3721 1041 3767 consonam
1058 3723 1084 3781 s,
1104 3719 1258 3788 sequente
1273 3698 1393 3787 syllaba
1413 3717 1520 3780 acuta,

342 3808 524 3877 secundum
541 3808 686 3896 regulam
701 3811 938 3878 Vernerianam
950 3813 985 3880 in
1000 3835 1159 3900 aversam
1174 3834 1257 3897 esse,
1274 3812 1398 3880 dumio
1409 3815 1527 3880 ceteris·

343 3922 450 3992 verbis
464 3926 595 4012 goticis,
611 3924 769 4012 analogiae
783 3923 868 4012 lege,
884 3927 981 4015 stirps
996 3928 1146 4015 praeteriti
1165 3926 1220 4018 (ut
1238 3926 1434 4017 reduplicata
1453 3926 1522 4014 syl-

344 4038 607 4130 laba)aspirante
616 4041 650 4105 in
660 4039 733 4106 loco
745 4039 992 4132 mediaeincipit.
1002 4043 1216 4111 Praesentibus
1226 4044 1313 4111 enim
1323 4063 1394 4132 got.
1399 4042 1520 4134 salbon
1568 4087 1574 4098 ·

344 4179 360 4217 <r
374 4155 491 4243 plicare
503 4180 535 4239 »‚
541 4155 648 4244 sathan
666 4176 808 4243 «capere
822 4181 853 4237 »,
864 4155 974 4226 haitan
987 4183 1004 4222 r
1016 4181 1133 4226 vocare
1144 4185 1175 4240 a,
1181 4160 1310 4249 fraitun
1322 4186 1338 4224 r
1352 4179 1475 4228 tentare
1487 4185 1519 4240 a,

341 4269 474 4358 btuopan
490 4295 508 4334 r
526 4271 644 4338 minari
661 4295 692 4352 »,
705 4267 815 4360 stokan
832 4298 848 4335 r
866 4271 1058 4340 maledicere
1074 4272 1222 4361 »ῥίφω
1238 4273 1439 4341 «dormire»
1456 4295 1521 4340 res·

341 4383 489 4472 pondent
502 4388 664 4473 praeterita
673 4386 817 4477 faijall),
828 4386 953 4476 farjoh,
971 4408 1033 4456 cet.
1052 4410 1111 4477 pro
1125 4387 1278 4478 *saibalb‚
1296 4387 1433 4479 *faibob
1455 4405 1518 4455 cet.

387 4519 418 4586 3.
438 4497 604 4568 Dialecrus
617 4501 869 4569 Nortbumbriae
895 4503 1039 4594 quinque
1060 4505 1221 4591 praeterita
1238 4526 1295 4592 per
1312 4504 1521 4571 iterationem

340 4613 454 4700 primae
476 4611 606 4701 syllabae
629 4611 805 4682 informata
829 4617 982 4700 servavit,
999 4639 1071 4706 quae
1089 4637 1186 4684 sunt:
1210 4616 1277 4684 heht
1300 4641 1317 4680 r<
1338 4618 1465 4685 vocavit
1485 4641 1518 4699 a,

339 4726 414 4795 leolc
430 4753 447 4791 o
464 4727 592 4796 saltavit
610 4755 641 4812 a,
657 4729 828 4799 ort-dreord
841 4730 1005 4822 (dread)
1023 4758 1039 4795 r
1057 4733 1167 4800 timuit
1184 4757 1215 4814 a,
1232 4731 1323 4801 reord
1338 4757 1354 4795 r<
1371 4732 1470 4799 suasit
1486 4757 1519 4816 a,

340 4841 448 4910 bort«
471 4847 619 4934 permisit
642 4871 659 4910 a
680 4845 731 4937 (v.
754 4845 896 4929 SieverS,
913 4847 1011 4918 Beilr.
1028 4848 1089 4932 lx,
1113 4851 1178 4935 284
1191 4847 1294 4940 sqq.).
1311 4845 1520 4937 Reduplicata

340 4957 471 5045 syllaba,
489 4963 580 5050 cujus
595 4961 715 5029 vocalis
729 4963 748 5029 ἕ
761 4963 795 5029 in
812 4981 970 5053 quattuor
982 4960 1099 5047 verbis,
1116 4983 1272 5053 sequente
1290 4987 1308 5029 r
1327 4981 1384 5031 aut
1402 4963 1415 5031 l
1433 4984 1519 5030 con-
