3768 5742
828 1508 983 1580 CAPUT
1006 1508 1054 1578 IV

702 1734 751 1799 De
773 1737 997 1818 reduplicata
1020 1733 1174 1822 syllaba.

395 2465 442 2535 Ut
452 2467 483 2534 in
497 2466 813 2556 Indoeuropaeorum
824 2468 1006 2554 communi,
1019 2469 1063 2535 ita
1075 2467 1109 2534 in
1121 2464 1365 2533 Germanorum
1376 2464 1527 2553 peculiari

348 2590 503 2651 sermone
526 2607 595 2651 non
620 2585 822 2673 praeteritum
845 2583 947 2651 modo
967 2607 1023 2674 per
1043 2584 1249 2651 iterationem
1267 2583 1381 2671 primae
1397 2580 1527 2670 syllabae

347 2696 404 2766 sed
419 2718 451 2768 et
467 2682 607 2790 praesens
622 2701 799 2770 verborum
814 2698 873 2792 (cf.
890 2700 965 2768 ahd.
984 2700 1087 2769 bi-lan
1100 2727 1116 2763 «
1130 2719 1269 2766 tremere
1281 2724 1298 2762 u
1309 2720 1385 2765 cum
1399 2721 1462 2766 scr.
1479 2697 1526 2766 bi·

351 2813 454 2881 boemi
471 2840 487 2878 tt
506 2816 608 2882 timeo
626 2842 642 2879 u
661 2835 718 2883 aut
733 2814 808 2883 ohd.
825 2828 936 2883 seston
954 2842 970 2880 tt
989 2815 1159 2904 disponere
1176 2839 1192 2878 r>
1209 2836 1284 2880 cum
1300 2833 1349 2899 gr.
1369 2814 1525 2896 ἱ-στάναι,

348 2929 391 2996 lat
405 2930 542 3021 si-stcre)
557 2950 589 2999 et
607 2931 722 3020 stirpes
745 2930 1026 2999 substantivorum
1048 2929 1322 3019 adjectivorumve
1341 2926 1527 2996 informatae

348 3065 426 3113 sunt
448 3045 507 3136 (cf.
535 3047 591 3115 lat.
611 3045 710 3135 fi-ber
738 3070 816 3113 cum
838 3045 913 3115 ahd.
940 3047 1060 3129 bi-bor,
1087 3066 1141 3113 aut
1164 3044 1220 3112 lat.
1246 3047 1358 3113 tri-slis
1379 3068 1397 3112 a
1420 3042 1526 3112 radice

348 3161 455 3252 strc(i)
478 3186 556 3231 cum
579 3186 624 3231 as.
647 3163 794 3253 thri-so).
816 3164 895 3231 Non
920 3161 1013 3231 nobis
1040 3164 1074 3230 itt
1099 3163 1209 3229 animo
1234 3179 1281 3229 est
1308 3161 1526 3250 quaestionem

349 3275 603 3345 obscurissimam
627 3297 657 3346 et
680 3279 973 3368 implicatissimam
998 3278 1037 3347 de
1063 3277 1267 3367 reduplicatis
1291 3275 1444 3366 stirpibus
1470 3298 1525 3345 aut

347 3390 506 3460 radicibus
519 3395 554 3461 in
570 3395 764 3483 germanicis
780 3392 922 3461 dialectis
942 3392 1123 3477 enucleare,
1139 3391 1196 3460 sed
1211 3391 1275 3459 hoc
1290 3410 1421 3459 tantum
1437 3415 1526 3460 nunc

347 3508 554 3597 propositum
568 3508 726 3577 habemus
742 3529 777 3576 ut
794 3508 1012 3577 describamus
1027 3531 1100 3600 quae
1113 3509 1207 3576 fuerit
1223 3505 1413 3575 informatio
1429 3507 1525 3576 redu.

348 3621 472 3710 plicatae
487 3623 617 3712 syllabae
631 3627 664 3692 in
681 3627 846 3713 praeterito
866 3624 1040 3693 verborum
1058 3623 1332 3712 germanicorum,
1354 3623 1525 3714 quomodo

347 3757 503 3805 consonae
513 3757 546 3804 et
557 3736 678 3805 vocalis
690 3737 894 3827 reduplicatae
903 3738 1010 3827 stirpis
1020 3739 1201 3805 immutatae
1210 3735 1342 3820 fuerint,
1354 3733 1526 3827 quomodo

347 3852 381 3916 in
396 3849 507 3939 lingua
522 3851 746 3920 Scandinaviae
761 3855 839 3922 etin
858 3841 1000 3922 dialectis
1012 3854 1196 3921 Germaniae
1209 3850 1417 3920 occidentalis
1432 3852 1527 3920 redu-

347 3964 462 4054 plicata
476 3966 596 4056 syllaba
609 3958 668 4037 'aut
686 3970 826 4038 omnino
842 3969 1009 4036 evanuerit
1028 3989 1085 4038 aut
1103 3991 1179 4037 cum
1201 3966 1308 4035 radice
1325 3967 1415 4035 verbi
1436 3971 1526 4058 quasi

348 4081 514 4151 coaluerit.

405 4386 447 4452 A.
463 4425 508 4437 -
524 4385 574 4475 De
582 4389 750 4474 praeteritis
764 4410 833 4477 quae
844 4388 1074 4478 reduplicatum
1087 4385 1241 4476 syllabam
1254 4400 1467 4456 servaverant.

394 4625 422 4672 1.
441 4605 532 4674 Inter
545 4610 748 4696 germanicas
763 4609 929 4692 dialectos,
946 4610 1065 4678 Gotica
1085 4627 1212 4678 tantum
1234 4610 1345 4699 lingua
1367 4609 1528 4700 praeterita
1596 4613 1601 4626 '

344 4743 401 4809 per
414 4723 626 4791 iterationem
640 4725 756 4813 ptimae
769 4725 898 4813 syllabae
912 4724 1084 4793 manifesto
1107 4723 1281 4794 informata
1302 4725 1443 4794 exhibet.
1466 4726 1528 4794 Re·

344 4833 505 4924 duplicata
520 4836 642 4926 syllaba
658 4842 751 4929 cujus
765 4839 910 4909 vocalem
927 4840 1039 4910 scribae
1050 4864 1108 4931 per
1122 4841 1243 4909 litteras
1266 4844 1300 4908 ai
1321 4840 1473 4925 efferunt,
1492 4841 1527 4908 in
1547 4823 1549 4828 Α

345 4949 501 5019 omnibus
515 4952 621 5021 verbis
643 4953 683 5022 ab
704 4954 819 5023 iisdem
843 4956 1113 5040 consonantibus,
1136 4954 1252 5046 quibus
1273 4955 1376 5040 radix,
1400 4955 1526 5044 incipit,
