3768 5742
405 1051 556 1122 Vidimus
581 1054 616 1121 in
643 1052 748 1122 verbis
775 1077 848 1144 quae
873 1055 1110 1144 reduplicatum
1137 1053 1340 1142 praeteritum
1368 1051 1539 1133 exhibent,

363 1168 445 1237 sicut
467 1169 502 1236 in
524 1168 686 1260 plerisque
708 1169 814 1239 verbis
838 1169 970 1253 validis,
996 1173 1131 1260 stirpem
1159 1169 1325 1258 praesentis
1354 1187 1387 1237 et
1415 1187 1544 1236 acutam

361 1283 459 1354 luisse
475 1288 639 1376 primitus,
653 1306 686 1356 et
702 1310 779 1356 cum
798 1288 902 1377 gradu
917 1290 1067 1378 graviore
1086 1291 1193 1379 primo
1208 1285 1337 1372 radicis,
1353 1285 1462 1356 addita
1479 1285 1544 1375 syl-

362 1400 432 1469 laba
454 1401 630 1471 derivativa
653 1403 803 1474 indoeur.
832 1429 876 1487 o-,
903 1429 933 1472 e·
955 1405 1031 1495 (aut
1051 1406 1113 1495 ja,
1126 1403 1204 1494 jc-),
1230 1403 1440 1471 informatam
1460 1425 1542 1470 esse.

362 1517 577 1587 Praesentibus
599 1521 700 1608 igitur
723 1521 919 1608 germanicis
947 1519 1099 1588 secundae
1125 1538 1180 1586 aut
1211 1521 1313 1587 tertiae
1338 1537 1394 1586 aut
1422 1519 1545 1608 quintae

362 1631 468 1702 classis
484 1633 619 1723 *skaidan
638 1636 767 1717 *staura
783 1635 873 1724 *sija
892 1653 955 1703 cet.
975 1631 1176 1722 respondent
1191 1631 1313 1700 radices
1325 1630 1429 1720 skaib,
1446 1643 1540 1712 staur,

359 1761 402 1830 se‘,
421 1767 482 1818 cet.

405 1865 518 1932 Potest
532 1884 641 1932 autem
657 1864 726 1934 fieri
743 1886 780 1935 ut
799 1867 965 1955 praesentis
981 1867 1078 1955 stirps
1087 1884 1142 1933 aut
1153 1888 1229 1932 cum
1238 1863 1339 1952 gradu
1350 1864 1501 1951 graviore
1510 1862 1543 1929 ΙΙ

359 1977 410 2046 vel
424 1979 473 2047 III
487 1979 538 2046 vel
549 2002 625 2048 cum
639 1980 742 2070 gradu
757 1981 880 2049 leviore
894 1999 1057 2070 appareat,
1067 2000 1123 2048 aut
1138 2003 1214 2047 cum
1226 2003 1294 2047 non
1309 2003 1327 2046 a
1344 1977 1448 2046 radice
1462 2000 1543 2067 pura

359 2092 455 2162 ducta
478 2115 539 2176 est,
562 2095 674 2164 addito
697 2098 863 2165 elemento
885 2095 1029 2186 quodam
1058 2097 1144 2164 inter
1166 2095 1306 2164 radicem
1330 2113 1363 2163 et
1384 2094 1541 2184 syllabam

359 2207 567 2279 derivativam
582 2211 732 2280 indoeur.
747 2236 776 2294 0,
796 2237 811 2278 e
826 2210 1004 2280 informata
1017 2212 1071 2280 sit.

404 2323 430 2392 Ι.
447 2324 553 2393 Multa
566 2325 663 2393 verba
678 2346 803 2416 quartae
822 2346 854 2394 et
874 2328 998 2417 quintae
1020 2325 1128 2394 classis
1149 2345 1181 2394 et
1203 2325 1328 2408 omnia,
1345 2344 1381 2393 ut
1397 2323 1540 2406 videtur,

358 2439 454 2507 verba
478 2443 592 2531 primae
615 2442 723 2511 classis
746 2441 786 2510 de
811 2441 911 2527 falsis,
932 2464 1005 2532 quae
1032 2441 1198 2525 dicuntur,
1220 2440 1378 2510 radicibus
1404 2439 1542 2509 deducta

358 2573 449 2635 sunt,
465 2555 632 2645 inquibus
647 2558 799 2645 genuinae
815 2554 914 2625 radici
935 2579 1083 2624 consona
1099 2555 1247 2645 quaedam
1270 2556 1391 2646 (germ.
1413 2569 1436 2636 t,
1453 2552 1489 2644 b,
1505 2555 1539 2636 d,

358 2691 391 2748 n,
407 2665 440 2758 s)
453 2687 510 2736 aut
523 2669 642 2758 syllaba
658 2670 801 2737 derivata
815 2670 980 2760 (indoeur.
998 2671 1091 2762 neap)
1106 2668 1215 2739 addita
1230 2692 1290 2739 est.

402 2781 448 2850 ΙΙ.
463 2783 502 2850 In
516 2785 682 2872 praesentis
696 2786 796 2875 stirpe
816 2784 957 2872 gradum
974 2788 1160 2875 graviorem
1179 2785 1211 2852 ΙΙ
1231 2784 1413 2852 exhibuisse
1428 2780 1540 2850 viden·

361 2914 435 2963 tur:
451 2896 490 2987 α)
505 2897 608 2965 multa
629 2899 726 2966 verba
747 2919 871 2988 quartae
893 2899 1000 2967 classis
1023 2899 1148 2990 Oblata,
1170 2901 1301 2988 *twega
1327 2897 1418 2987 blojo,
1441 2898 1537 2987 cet),

357 3010 392 3101 β)
400 3011 557 3079 nonnulla
566 3012 663 3081 verba
671 3013 901 3103 primaeclassis
911 3014 1063 3105 (*gango‚
1075 3015 1196 3095 *walia
1208 3014 1313 3094 walto,
1327 3013 1409 3104 cet.)
1420 3035 1539 3101 nempe

356 3148 374 3192 a
403 3125 562 3195 radicibus
580 3127 719 3197 defluxa
748 3153 821 3219 quae
849 3131 884 3197 in
911 3129 1013 3218 gradu
1043 3131 1192 3219 graviore
1224 3131 1238 3197 Ι
1265 3130 1316 3196 vel
1345 3130 1495 3196 vocalem
1522 3140 1539 3194 ἑ

355 3240 521 3330 (indoeur.
545 3243 624 3325 bladi,
648 3245 765 3331 swe'gb,
789 3246 874 3336 cet.)
899 3245 952 3314 vel
972 3249 991 3312 ἕ
1010 3245 1178 3337 (indoeur.
1203 3246 1339 3336 ghengb,
1364 3243 1427 3331 pel,
1454 3242 1538 3332 cet.)

356 3357 552 3445 praebebanr.

392 3472 463 3540 ΙΙΙΙ.
492 3473 604 3544 Gradu
627 3477 776 3564 graviore
799 3476 850 3543 III
874 3474 914 3544 ad
937 3475 1183 3545 informandam
1206 3475 1373 3567 praesentis
1402 3474 1537 3561 stirpem

355 3610 412 3656 usa
427 3611 495 3657 esse
508 3588 662 3659 videntur
684 3591 780 3659 verba
802 3611 926 3682 quartae
948 3591 1056 3661 classis
1078 3614 1219 3684 quorum
1243 3589 1332 3659 radix
1351 3588 1538 3677 germanica

355 3703 391 3769 in
404 3717 453 3771 ow
468 3704 606 3774 desinit:
626 3705 667 3776 cf.
681 3730 788 3796 germ.
803 3707 907 3776 *lawa
921 3731 940 3775 a
953 3707 1060 3776 radice
1074 3706 1226 3776 indoeur.
1243 3707 1334 3792 bbeq.

400 3819 458 3888 IV.
476 3820 624 3890 Gradum
638 3822 796 3892 leviorem
812 3823 957 3914 praebent
973 3826 1090 3914 stirpes
1104 3821 1344 3891 nonnullorum
1358 3807 1536 3889 verborum

354 3934 467 4023 primae
496 3934 616 4021 classis,
640 3939 675 4004 in
702 3959 846 4028 quorum
870 3957 1029 4027 praesente
1052 3960 1122 4006 non
1145 3937 1241 4027 stirps
1264 3935 1321 4004 sed
1347 3935 1536 4003 terminatio

354 4069 524 4119 accentum
545 4055 695 4141 primitus
718 4052 869 4123 habuisse
891 4055 1041 4123 videtur:
1068 4052 1107 4121 cl.
1122 4075 1228 4142 germ.
1253 4052 1378 4142 *fania
1402 4051 1532 4134 *banna

355 4186 433 4251 cet,
451 4191 469 4234 a
484 4168 642 4237 radicibus
656 4169 807 4239 indoeur.
821 4169 885 4259 pa‘k
898 4168 1006 4259 (pale),
1023 4169 1093 4236 blaa.
1543 4250 1547 4256 Ι

399 4280 449 4349 Ita
463 4283 497 4349 in
514 4281 758 4352 Germanorum
774 4283 884 4373 lingua
899 4306 995 4351 novae
1009 4282 1123 4350 classes
1135 4281 1310 4350 verborum
1327 4281 1534 4362 exstiterunt,

355 4396 474 4466 scilicet
487 4399 591 4486 prima
607 4417 639 4465 et
654 4419 781 4488 quarta,
799 4423 878 4490 quas
892 4398 1208 4487 Indoeuropaeorum
1222 4419 1332 4464 sermo
1347 4397 1535 4464 communis

354 4509 504 4580 nondum
519 4511 691 4602 praebuisse
706 4513 846 4582 videtur.

400 4627 486 4709 Quae
507 4626 603 4694 verba
627 4627 713 4696 haud
737 4653 829 4700 secus
852 4653 890 4698 ac
913 4629 1010 4697 verba
1036 4627 1200 4714 secundae,
1224 4629 1326 4696 tertiae
1346 4628 1534 4717 quintaeque

353 4739 474 4824 classis,
488 4741 528 4811 ad
541 4743 765 4813 informandas
784 4747 940 4836 praeteriti
961 4744 1185 4834 participiique
1202 4746 1330 4834 stirpes,
1348 4742 1534 4832 apophonia

352 4857 502 4944 primitus
517 4855 703 4927 utebantur.
715 4861 896 4952 Postquam
911 4880 1022 4929 autem
1036 4858 1233 4949 reduplicata
1243 4858 1363 4948 syllaba
1377 4859 1410 4925 in
1427 4857 1532 4925 verbis

352 4995 424 5061 quae
445 4994 517 5038 eam
540 4993 763 5058 servaverunt,
785 4998 845 5067 pro
871 4976 1019 5064 legitimo
1040 4977 1136 5066 signo
1161 4976 1315 5065 praeteriti
1335 4973 1446 5043 habita
1468 4992 1529 5057 est,
