3768 5742
931 956 974 966 -·
1021 938 1068 984 Vll
1115 957 1157 966 -

452 1086 555 1182 dem,
567 1113 805 1193 quamquam
822 1089 1052 1170 vetustiores
1064 1086 1209 1170 formas
1225 1091 1437 1170 accuratius
1452 1092 1627 1189 servavit,

451 1228 657 1309 verborum
679 1226 817 1311 formae
844 1229 1006 1336 integrae
1031 1250 1267 1326 manserunt,
1293 1231 1360 1313 sed
1384 1252 1450 1313 aut
1475 1233 1627 1315 modice

451 1392 516 1453 aut
539 1373 615 1478 jarn
635 1372 746 1455 valde
768 1395 928 1455 mutatae
950 1394 1150 1481 apparent;
1179 1374 1318 1457 strictis
1343 1377 1445 1455 enim
1475 1374 1627 1480 legibus

451 1516 708 1599 immutantur
721 1539 981 1600 consonantes
1002 1537 1039 1598 et
1052 1515 1217 1614 vocales,
1234 1518 1381 1599 diversa
1395 1537 1524 1599 tamen
1542 1517 1627 1626 lege

328 1647 331 1652 ’
450 1659 489 1738 in
503 1661 642 1764 gotica,
664 1661 704 1741 in
726 1660 890 1741 diutisca
909 1659 1055 1766 lingua,
1068 1663 1107 1741 in
1124 1661 1303 1742 saxonica
1324 1681 1359 1741 et
1375 1663 1414 1742 in
1432 1659 1625 1745 frisicaln

450 1803 576 1907 primo
597 1803 714 1908 igitur
729 1805 849 1910 capite
872 1803 1138 1886 describemus
1158 1823 1194 1884 et
1214 1803 1530 1886 enumerabimus
1549 1803 1626 1887 lor-

450 1971 534 2025 mas
552 1943 761 2026 verborum
783 1947 1020 2052 praeteritum
1042 1972 1109 2053 per
1133 1946 1376 2026 iterationem
1398 1947 1532 2053 primae
1554 1947 1627 2053 syl·

450 2085 544 2168 labae
562 2087 874 2184 informantium,
903 2109 939 2170 et
964 2091 1211 2197 inquiremus
1231 2117 1305 2196 qua
1331 2089 1414 2194 lege
1440 2090 1626 2173 vocabula

449 2231 487 2310 in
508 2231 672 2337 singulis
692 2232 865 2315 dialectis
880 2251 1028 2314 mutata
1044 2233 1134 2314 siut.

503 2392 715 2497 Postquam
736 2393 774 2472 in
798 2418 948 2498 quaque
969 2390 1133 2473 dialecto
1153 2391 1277 2488 verba,
1300 2419 1385 2498 quae
1413 2393 1623 2499 reduplica-

450 2552 536 2613 tum
552 2536 786 2640 praeteritum
802 2533 998 2632 exhibent,
1014 2535 1054 2614 in
1070 2531 1209 2615 classes
1223 2532 1508 2632 distribuimus,
1524 2557 1623 2632 tum,

449 2674 598 2757 collatis
619 2677 717 2756 inter
736 2702 776 2757 se
796 2678 1064 2781 congeneratis
1084 2675 1222 2772 verbis,
1244 2674 1527 2759 enucleandum
1553 2682 1625 2760 erit

448 2818 539 2924 quid
555 2819 605 2899 sit
624 2816 813 2924 peculiare
833 2817 1078 2922 singularum
1094 2816 1276 2899 classium
1302 2844 1387 2923 quae
1411 2820 1451 2900 in
1472 2847 1623 2925 germa-

448 2960 536 3040 nico
555 2987 735 3041 sermone
755 2960 973 3066 antiquiore
994 2979 1107 3042 erunt
1126 2958 1401 3042 discernendae.
1424 2963 1521 3060 Quo
1543 2990 1624 3045 me·

445 3099 521 3182 lius
549 3100 691 3207 legenti
730 3101 914 3184 decursus
948 3123 1090 3183 nostrae
1127 3100 1400 3208 disputationis
1434 3127 1623 3210 appareat,

445 3245 667 3350 exemplum
688 3270 966 3350 proponemus
984 3244 1172 3325 Goticum
1194 3243 1300 3323 enim
1320 3244 1482 3325 verbum
1493 3245 1624 3353 falpan

444 3385 482 3465 in
506 3387 632 3493 primo
653 3387 774 3493 capite
794 3385 1037 3467 contulimus
1052 3414 1143 3466 curn
1161 3384 1432 3468 consimilibus
1447 3387 1622 3490 ejusdem

444 3524 588 3633 linguae
607 3529 734 3610 verbis
755 3526 883 3635 (velut
902 3524 1045 3622 haldan,
1065 3526 1243 3634 us-alpurr,
1264 3524 1369 3632 cet),
1389 3547 1441 3626 ut,
1459 3529 1552 3635 quid
1574 3531 1624 3612 sit

443 3671 643 3777 proprium
663 3670 779 3777 hujus
802 3670 932 3751 classis
953 3671 1064 3775 cujus
1079 3667 1210 3776 stilpon
1232 3687 1289 3750 est
1313 3671 1511 3775 particeps,
1534 3671 1623 3753 inde

442 3812 615 3918 patefiat;
643 3814 683 3894 in
709 3813 825 3894 altera
851 3832 981 3895 autern
1007 3832 1110 3918 parte
1137 3809 1384 3892 conferemus
1412 3839 1503 3894 cum
1529 3840 1622 3894 con·

442 3957 631 4059 generatis
650 3975 862 4037 ceterarum
880 3955 1191 4062 germanicarum
1210 3951 1461 4035 dialectorum
1483 3954 1622 4050 verbis,

443 4124 583 4204 nempe
612 4125 703 4178 curn
734 4098 899 4180 diutisco
921 4097 1057 4204 salton,
1092 4125 1182 4178 cum
1207 4095 1510 4202 anglosaxonico
1521 4095 1623 4200 seol-

440 4239 524 4334 drm,
540 4260 624 4336 cet,
642 4259 684 4321 ut
699 4241 902 4347 pristinam
917 4238 1087 4323 formam
1104 4240 1220 4344 hujus
1236 4237 1341 4318 verbi
1358 4239 1621 4321 restituamus.

442 4383 532 4478 Qua
552 4383 839 4489 comparatione
861 4410 939 4462 non
962 4382 1085 4463 modo
1105 4379 1195 4462 huic
1216 4379 1333 4460 verbo
1349 4379 1416 4461 sed
1434 4398 1470 4460 et
1486 4383 1621 4462 ceteris

440 4527 670 4628 germanicis
694 4524 819 4607 verbis
846 4525 1015 4619 admota,
1046 4524 1236 4629 genuinas
1266 4521 1408 4603 horum
1435 4523 1620 4603 omnium

441 4666 584 4747 formas
604 4668 865 4764 restituemus,
889 4689 1003 4775 atque
1033 4669 1174 4749 iterum
1203 4665 1302 4745 inter
1326 4692 1367 4744 se
1395 4662 1553 4745 collatas
1580 4665 1620 4744 in

439 4806 577 4890 classes
592 4808 892 4906 distribuernus;
912 4833 1011 4906 tum,
1033 4828 1310 4916 praeposterum
1329 4806 1508 4888 ordinem
1527 4833 1621 4886 con-

440 4949 579 5045 secuti,
611 4949 970 5033 demonstrabimus
1000 4949 1204 5058 quomodo
1238 4977 1282 5028 ex
1311 4947 1386 5029 illis
1416 4947 1617 5052 genuinis,
