3768 5742
422 1059 450 1116 V
463 1058 513 1125 lid,
526 1071 585 1132 got.
601 1059 650 1114 lats
664 1079 679 1110 α
695 1053 809 1130 ὀκνηρός,
828 1054 903 1132 ἀργός
918 1082 945 1127 ν,
961 1077 1006 1116 an.
1022 1061 1086 1127 latr,
1102 1077 1160 1132 ags.
1177 1059 1229 1126 Μ,
1245 1059 1296 1118 afr.
1318 1059 1362 1126 let,
1377 1075 1415 1116 as,
1429 1059 1477 1126 lai,
1496 1058 1559 1116 ahd.

378 1147 429 1219 lar,
444 1147 479 1202 cf.
494 1159 553 1219 got.
570 1148 654 1220 lotjan
670 1150 819 1220 «χρονίζειν
831 1168 856 1213 ο,
868 1167 913 1206 an.
930 1150 1001 1222 latia,
1016 1167 1076 1222 ags.
1092 1148 1180 1215 letan,
1194 1148 1286 1216 letrau,
1300 1165 1345 1204 an.
1360 1147 1549 1221 lpslercvanus

450 1239 456 1252 .
486 1256 514 1293 »ο

379 1235 521 1398 molllllig,
536 1342 580 1382 an.
596 1325 655 1380 talea
672 1345 686 1376 ο
701 1324 869 1396 prehendere
884 1348 910 1384 ν.

423 1415 450 1470 V
463 1414 525 1481 slah,
540 1414 603 1471 ahd.
617 1414 714 1486 slusa)
730 1435 744 1464 ν
760 1416 897 1484 remissus,
918 1429 1030 1489 torpens
1045 1436 1071 1473 ο.

417 1507 447 1568 ι]
463 1502 535 1575 dbig‘,
549 1516 609 1576 got.
625 1504 738 1578 daddjan
755 1525 770 1556 α
785 1504 901 1571 θηλάζειν
916 1526 942 1561 u.

422 1770 456 1835 4.
483 1749 591 1818 Docet
614 1751 748 1817 Noreen
769 1751 937 1840 (Urgerm.
956 1749 1060 1833 Judl„
1085 1751 1102 1842 §
1128 1751 1186 1841 12)
1207 1752 1307 1820 etiam
1327 1749 1474 1819 vocalem
1492 1751 1560 1817 l'in

377 1864 484 1931 vicem
499 1865 661 1934 vocalium
676 1879 703 1947 ἱ,
722 1879 786 1934 oet
800 1889 820 1933 a
836 1867 1006 1934 succedere
1024 1889 1132 1955 posse.
1154 1868 1241 1950 Quae
1262 1887 1375 1936 autem
1398 1868 1561 1935 sententia

378 1980 532 2069 exemplis
548 2005 566 2049 e
580 1983 766 2068 germanica
779 1981 890 2071 lingua
903 1981 1106 2073 depromptis
1121 1982 1238 2073 quibus
1255 2006 1326 2051 rem
1340 1995 1479 2065 tutatur,¹
1490 2004 1561 2050 non

377 2095 589 2186 comprobata
603 2119 672 2165 esse
687 2096 829 2166 videtur.

422 2212 453 2278 A
476 2210 581 2280 radice
606 2226 646 2298 pe
669 2211 812 2280 derivata
835 2233 913 2281 sunt
935 2212 992 2280 lat.
1009 2227 1129 2296 ventus,
1147 2233 1218 2303 got.
1235 2214 1340 2283 winds
1356 2239 1372 2278 ν
1393 2217 1508 2306 ἄνομος
1525 2239 1557 2295 ν,

376 2324 452 2392 ahd.
463 2330 542 2394 wint
558 2349 716 2414 :germ
731 2328 884 2399 *waram
902 2328 979 2412 Sed,
997 2348 1032 2396 ut
1046 2326 1198 2399 indoeur.
1215 2342 1237 2396 ᾶ
1250 2331 1285 2396 in
1299 2338 1320 2396 ᾶ
1334 2349 1483 2417 correpta
1497 2347 1559 2409 est,

377 2442 509 2510 subacta
525 2442 705 2511 biconsona
720 2442 764 2525 lx,
783 2469 837 2526 nx,
865 2445 908 2511 ita
923 2468 962 2512 ex
983 2443 1133 2515 indoeur.
1158 2459 1263 2512 vento-
1278 2443 1405 2535 (=lat.
1421 2443 1559 2534 ventus),

377 2558 519 2626 breviata
540 2558 645 2626 vocali
668 2573 685 2627 ἑ
707 2578 784 2626 ante
806 2558 1042 2643 biconsonam,
1069 2581 1183 2630 ortum
1211 2579 1260 2628 est
1283 2583 1389 2650 germ.
1414 2561 1557 2641 wanda„

377 2674 513 2742 windo.
529 2713 574 2726 -
583 2698 616 2742 v.
629 2674 834 2763 Bmgmann,
849 2675 1033 2759 Grundriss,
1046 2677 1075 2761 I,
1087 2676 1199 2767 §6143
1214 2674 1366 2757 Osthoff‚
1375 2675 1481 2765 Pers„
1494 2677 1557 2762 843

377 2789 497 2877 Kluge,
517 2789 691 2859 Grundriss
704 2789 737 2860 d.
755 2790 788 2860 d.
806 2789 908 2872 Phil,
926 2789 955 2874 I,
971 2813 1005 2879 p.
1024 2812 1101 2879 351.

422 2903 576 2973 Omnino
591 2905 729 2976 dubium
743 2925 789 2974 est
808 2930 850 2974 an
872 2929 889 2973 e
909 2905 1015 2975 radice
1034 2919 1076 2994 pe
1096 2933 1112 2971 ν
1130 2905 1294 2975 credere»
1318 2904 1559 2974 substantivum

376 3018 451 3090 ahd.
468 3044 514 3091 as.
529 3023 641 3089 wini«
659 3022 784 3089 amicus
800 3048 831 3104 ο,
849 3045 901 3090 an.
919 3025 1003 3104 vim,
1022 3042 1134 3090 ortum
1147 3023 1203 3089 sit.

420 3137 451 3203 A
473 3135 578 3204 radice
595 3136 656 3225 seg
680 3136 777 3205 ducta
800 3155 877 3203 sunt
901 3135 993 3204 mhd.
1022 3160 1120 3226 νομν
1143 3133 1339 3203 «mundare
1355 3161 1388 3218 ν,
1410 3137 1560 3225 νιμνὶνν

378 3277 394 3315 «
412 3253 639 3341 purgatorium
657 3277 697 3335 ν,
721 3251 888 3342 inquibus
910 3270 1020 3320 tamen
1035 3250 1203 3319 vocabulis
1223 3248 1304 3318 nihil
1324 3248 1462 3339 impedit
1475 3272 1558 3339 quo·

377 3367 486 3433 minus
500 3365 622 3433 vocalis
637 3367 657 3431 ἕ
667 3388 724 3454 per
739 3365 966 3455 periphoniam
980 3389 1019 3432 ex
1033 3374 1053 3434 ἄ
1069 3386 1141 3434 orta
1151 3367 1206 3449 sit,
1217 3388 1294 3433 cum
1308 3363 1446 3432 verbum
1461 3385 1559 3453 νιμν

375 3497 432 3546 aut
446 3501 485 3546 ex
498 3479 574 3549 ahd.
591 3479 723 3570 *fogjan
738 3479 852 3570 {eggan
866 3497 924 3547 aut
943 3501 983 3546 ex
997 3481 1115 3570 fogjon
1138 3480 1240 3570 (sicut
1255 3477 1348 3548 mhd.
1372 3477 1448 3546 hem
1465 3477 1558 3546 reden

376 3616 415 3660 ex
430 3592 535 3683 herjon
548 3594 673 3684 radion)
687 3615 803 3662 narum
818 3595 871 3663 sit.

419 3706 460 3774 In
475 3706 643 3776 nonnullis
657 3706 791 3798 quidem
806 3705 965 3775 radicibus
979 3704 1205 3797 diphthongus
1225 3729 1264 3774 eu
1283 3707 1317 3772 in
1335 3704 1447 3773 locum
1461 3726 1559 3772 voca·

375 3818 413 3887 lis
436 3833 452 3888 ἱ
474 3820 644 3889 succedere
664 3839 793 3912 potest3
816 3821 1002 3910 germanica
1015 3839 1126 3889 autem
1148 3819 1374 3910 diphthongus
1398 3843 1436 3888 eu
1460 3819 1559 3886 etiam

376 3961 416 4005 ex
431 3951 515 4015 241¹
531 3956 603 4006 orta
624 3960 693 4006 esse
714 3936 852 4007 videtur.
877 3937 926 4028 (v.
951 3937 1099 4018 Bremer,
1118 3936 1218 4005 Bcitr.
1241 3935 1303 4019 XI,
1325 3956 1369 4021 40
1388 3935 1458 4027 sq.)
1472 3935 1523 4003 Ita
1541 3956 1559 4000 e

375 4051 482 4122 radice
502 4075 608 4140 germ.
633 4052 685 4121 bre
706 4051 790 4121 facta
810 4073 872 4138 est,
889 4051 1000 4120 addito
1014 4053 1180 4121 elemento
1195 4075 1229 4132 u,
1248 4053 1345 4141 stirps
1363 4049 1450 4132 ἕνον,
1470 4049 1559 4118 unde

374 4167 451 4239 ahd.
469 4169 614 4238 briuwan
631 4194 648 4232 ο
666 4168 808 4237 brassare
825 4194 842 4233 ο
858 4166 915 4259 (fr.
933 4167 1087 4258 brasser),
1099 4190 1153 4235 an.
1172 4167 1310 4258 hrugga,
1324 4163 1446 4234 aschw.
1466 4164 1560 4256 bryg-

373 4286 431 4374 μα
438 4305 454 4363 ,·
469 4306 486 4351 e
501 4281 609 4351 radice
620 4295 770 4371 spri-l-u,
786 4284 883 4371 stirps
895 4295 999 4372 sprcu,
1018 4281 1104 4351 unde
1121 4281 1197 4350 ahd.
1209 4285 1298 4370 spriu
1316 4305 1333 4344 ο
1348 4280 1452 4370 palea,
1467 4303 1557 4364 acus,

373 4399 489 4489 siliqua
506 4425 545 4481 »3
562 4421 580 4465 e
594 4397 700 4466 radice
712 4411 852 4480 ννὲ-Ι-ν,
869 4399 966 4487 stirps
981 4410 1076 4481 sinu,
1097 4412 1199 4480 strau,
1218 4394 1305 4464 unde
1319 4415 1392 4486 got.
1412 4398 1557 4486 straujan

376 4540 393 4577 o
411 4516 596 4603 caponariam
612 4540 645 4594 ν,
660 4512 736 4581 ahd.
753 4528 882 4582 strewen
895 4513 946 4604 (p.
964 4517 1089 4595 smila,
1106 4516 1257 4595 stretona,
1271 4534 1304 4602 p.
1316 4536 1350 4602 p.
1367 4513 1554 4593 ca-strawit,

372 4628 544 4720 gistreivit)
559 4655 575 4693 ο
594 4645 739 4696 sternere
757 4654 786 4697 ν.
807 4628 930 4697 Eadem
945 4628 1016 4716 lege
1030 4629 1118 4697 inter
1131 4651 1165 4697 se
1180 4648 1330 4718 cognatae
1343 4645 1422 4694 sunt
1436 4624 1558 4693 radices

371 4768 478 4813 snm«
495 4764 621 4813 vertere
637 4770 653 4808 ν
670 4763 704 4811 et
722 4757 776 4813 sne·
792 4771 809 4809 ν
827 4767 904 4812 nere
921 4770 953 4826 ν,
968 4757 1039 4834 μέν
1053 4743 1159 4835 (unde
1173 4767 1279 4834 germ.
1298 4743 1401 4832 *μῑῐῦ
1417 4769 1433 4807 «
1447 4741 1511 4811 fleo
1522 4740 1559 4831 »)

373 4877 405 4927 et
419 4871 510 4951 grcut
529 4858 637 4951 (unde
651 4883 757 4949 germ.
778 4861 903 4951 *greuto
921 4886 938 4923 ο
956 4859 1020 4928 fleo
1036 4887 1070 4942 ν,
1086 4884 1155 4950 ags.
1176 4860 1322 4951 μιᾶναν,
1346 4882 1393 4927 as.
1413 4862 1554 4950 μνοίαν,

373 4988 514 5065 μνοίαν,
532 5001 566 5067 p.
580 4978 681 5066 grial,
701 4964 843 5046 Cotton.
859 4978 944 5066 μνον
960 4976 1006 5045 Η.
1023 4975 1142 5066 4072).
