3768 5742
826 959 1048 1023 ...62-

349 1097 584 1165 Vernerianam
612 1114 693 1163 ortae
714 1097 750 1163 in
776 1094 897 1164 medias
921 1116 1129 1166 commutatae
1154 1119 1242 1168 sunt.
1269 1139 1314 1150 -
1339 1099 1526 1169 Verborum

348 1211 467 1280 *hauho
487 1238 503 1276 a
525 1211 651 1300 pendeo
675 1237 692 1275 u
716 1230 749 1278 et
772 1211 910 1301 *prurigo
935 1237 952 1277 r
978 1215 1168 1303 opprimo»
1193 1213 1384 1284 informatio
1410 1214 1524 1283 eadem

348 1324 447 1396 luisse
461 1327 590 1396 videtur
603 1349 676 1417 quae
689 1325 779 1394 verbi
791 1326 915 1415 *sanbo

396 1465 426 1532 3.
442 1441 637 1511 Notandum
653 1461 702 1510 est
718 1440 856 1532 denique
872 1441 1030 1511 nonnulla
1042 1441 1151 1526 verba,
1171 1464 1227 1514 aut
1242 1447 1276 1514 in
1291 1443 1525 1535 indoeuropaea

348 1559 453 1627 autin
466 1559 650 1646 germanica
663 1558 786 1646 lingua,
804 1556 914 1626 addito
929 1557 1092 1628 elemento
1106 1571 1130 1643 t,
1147 1560 1180 1643 d,
1197 1560 1239 1627 dh
1258 1559 1307 1652 (i)
1328 1562 1415 1628 inter
1439 1559 1527 1628 radi-

349 1695 421 1740 cem
435 1691 468 1740 et
482 1673 742 1756 terminationes,
760 1670 934 1740 informata
949 1696 1028 1741 esse.
1048 1673 1197 1764 Exempli
1212 1698 1306 1743 causa
1320 1674 1442 1743 affero:

394 1787 547 1856 Radicem
566 1786 718 1855 indoeur.
740 1788 821 1876 sqal,
845 1789 908 1877 sqel
928 1786 993 1876 (lit.
1016 1788 1107 1878 kala)
1122 1812 1198 1857 cum
1213 1788 1319 1858 radice
1340 1789 1434 1880 spuit,
1451 1789 1528 1879 sqelt

349 1902 422 1993 (lat.
437 1905 546 1985 crillrr,
565 1925 670 1992 germ.
686 1902 810 1971 *skuldo
825 1928 841 1966 u
860 1926 976 1971 navem
992 1903 1119 1989 ducere,
1135 1905 1314 1995 propellere
1332 1905 1369 1996 u)
1388 1928 1529 1994 compa·

348 2039 472 2104 ratam3
940 2039 943 2046 ’
1462 2013 1465 2019 ’

394 2133 475 2203 Rad.
493 2132 644 2202 indoeur.
664 2133 720 2220 pal
731 2132 805 2224 (lat.
822 2133 928 2223 valeo)
941 2156 1017 2202 curn
1035 2138 1224 2225 germanico
1243 2135 1345 2204 verbo
1366 2136 1528 2204 *wal-do

350 2272 487 2339 «regno
505 2274 544 2332 »5
604 2279 607 2288 ·

393 2365 474 2435 Rad.
500 2364 651 2433 indoeur.
677 2365 726 2453 qel
748 2363 816 2454 (gr.
841 2366 1004 2456 βουκόλος)
1027 2389 1102 2433 cum
1126 2389 1230 2456 germ.
1255 2365 1357 2434 verbo
1386 2365 1528 2434 *hal-do

350 2508 366 2546 <r
384 2504 480 2571 pasco
494 2501 599 2548 teneo
611 2506 628 2543 u
640 2505 650 2562 3

394 2594 475 2665 Rad.
492 2594 643 2663 indoeur.
661 2597 728 2681 pal,
747 2597 798 2682 pel
812 2594 878 2686 (gr.
895 2599 969 2667 blo
985 2623 1001 2660 α
1019 2597 1149 2665 volvere
1166 2597 1202 2688 u)
1217 2621 1293 2665 cum
1307 2619 1413 2685 germ.
1425 2596 1526 2665 verbo

346 2713 492 2780 *walt-5
509 2738 525 2776 <r
543 2710 628 2779 volvi
646 2737 684 2795 ));

393 2826 474 2897 Rad.
490 2827 641 2895 indoeur.
657 2828 737 2914 spal,
755 2828 819 2914 spel
832 2824 899 2915 (gr.
918 2831 1028 2910 σπιλος
1042 2852 1059 2890 «
1073 2850 1167 2917 rupes
1178 2828 1212 2919 »)
1223 2849 1413 2917 cumgerm.
1425 2826 1527 2895 verbo

347 2944 498 3033 *spol-dai
515 2969 532 3006 cc
548 2941 670 3009 findere
687 2969 718 3011 u.

393 3058 560 3126 Incertum
583 3077 632 3125 est
654 3081 696 3125 an
722 3055 833 3126 eadem
858 3055 928 3144 lege
947 3055 1120 3126 informata
1140 3059 1205 3126 sint
1226 3059 1412 3145 germanica
1430 3056 1529 3125 verba

346 3172 489 3264 *sal-Po
504 3200 520 3236 «
537 3172 623 3262 pllco
642 3200 673 3257 u,
687 3172 819 3240 *blando
834 3198 851 3235 <r
869 3174 989 3240 misceo
1008 3199 1038 3254 u,
1054 3173 1200 3241 *wal-llo
1215 3199 1231 3236 <r
1249 3192 1321 3240 tero
1339 3199 1371 3238 u.

394 3288 427 3379 b)
437 3288 659 3356 Transeamus
674 3287 712 3356 ad
729 3287 826 3355 verba
840 3287 1001 3368 secundae,
1013 3289 1115 3356 tertiae
1129 3308 1161 3356 et
1173 3309 1295 3379 quartae
1305 3287 1435 3370 classis3
1454 3311 1528 3379 quae

346 3403 538 3494 plerumque
552 3427 569 3471 a
584 3403 749 3491 legitimis,
762 3426 1001 3492 nonnunquam
1015 3403 1266 3494 indoeuropaeis,
1283 3402 1442 3473 radicibus
1454 3423 1527 3472 orta

348 3539 438 3587 sunt.
462 3521 589 3589 Notare
614 3539 723 3588 tamen
749 3521 853 3608 possis
877 3518 1012 3586 verbum
1036 3519 1156 3588 *blo-to
1184 3546 1200 3584 a
1233 3520 1373 3588 immolo
1405 3547 1421 3583 u
1451 3541 1527 3586 cum

347 3635 550 3703 substantivo
571 3635 695 3727 blo-lta·
717 3661 734 3698 «
762 3634 930 3722 sanguis»
958 3653 1149 3722 cognatum,
1174 3659 1191 3702 a
1217 3635 1322 3703 radice
1341 3637 1528 3723 germanica

348 3748 408 3831 blo,
428 3748 539 3818 addito
559 3749 723 3819 elemento
744 3762 766 3830 t,
789 3749 970 3817 derivatum
991 3771 1059 3816 esse
1078 3747 1194 3831 uideri,
1217 3772 1316 3838 quarn
1340 3748 1427 3817 forte
1451 3771 1527 3815 curn

347 3866 452 3935 radice
466 3865 512 3934 hle
525 3864 691 3955 (indoeur.
711 3864 795 3955 birli)
811 3888 850 3933 ex
863 3888 927 3956 qua
939 3864 1123 3953 germanica
1137 3863 1233 3933 verba
1250 3864 1363 3933 *hle-so
1389 3891 1406 3928 ι(
1429 3861 1475 3931 flo
1494 3890 1525 3946 u,

347 3980 455 4069 *hle-jo
470 4007 486 4045 u
505 3981 550 4049 flo
570 4007 586 4045 »
603 3979 778 4049 informata
792 3999 881 4064 sunt,
898 4002 1024 4068 aequare
1037 3979 1156 4049 licebit.

391 4095 423 4186 c)
445 4096 524 4163 Haec
547 4095 689 4185 denique
713 4093 810 4162 verba
831 4096 953 4185 quintae
976 4093 1083 4162 classis
1102 4092 1301 4184 respicienda
1320 4113 1398 4162 sunt
1417 4094 1526 4174 nobis,

347 4213 382 4279 in
398 4212 515 4301 quibus
529 4213 697 4300 praesentis
710 4211 807 4301 stirps
823 4210 968 4278 vocalem
983 4223 1001 4278 ῑ
1013 4212 1220 4298 promissam,
1237 4229 1395 4300 sequente
1410 4231 1529 4277 conso·

349 4347 461 4409 nante,
476 4326 617 4396 exhibet.
643 4327 817 4397 Nonnulla
836 4329 925 4396 enim
944 4351 983 4394 ex
1005 4325 1163 4395 radicibus
1177 4349 1234 4415 per
1257 4339 1274 4393 ἑ
1291 4323 1527 4406 desinentibus,

347 4442 454 4511 addita
484 4441 605 4511 dentali
630 4462 851 4526 consonante,
877 4462 953 4511 nara
978 4465 1046 4510 esse
1070 4440 1233 4511 videntur.
1261 4439 1410 4529 Exempli
1434 4463 1529 4507 causa

347 4558 447 4627 affero
460 4558 576 4626 verba:

391 4672 496 4741 *Bliso
512 4699 528 4737 <c
545 4672 591 4740 flo
607 4697 623 4736 u
642 4695 718 4740 cum
732 4673 837 4742 radice
852 4671 912 4741 bu-
926 4692 1165 4761 comparatum‚
1181 4693 1220 4738 ex
1235 4693 1299 4760 qua
1313 4691 1419 4759 germ.
1435 4668 1531 4760 *blojo

350 4813 366 4851 t<
385 4786 430 4855 flo
448 4814 480 4871 u,
495 4787 591 4879 *blojo
606 4814 622 4851 c<
640 4787 744 4857 floreo
761 4814 793 4872 u,
808 4786 903 4856 *blato
916 4787 964 4878 (.)
982 4787 1154 4855 «immolo
1172 4813 1202 4851 u.

391 4905 456 4972 *W
453 4918 499 4973 e'to
514 4930 531 4968 «
551 4903 732 4986 exsufflare,
748 4904 966 4972 condemnare
983 4930 1013 4987 u,
1031 4928 1105 4973 cum
1118 4901 1223 4971 radice
1237 4914 1277 4987 pi
1287 4919 1527 4991 comparatum,

348 5042 387 5087 ex
402 5043 465 5110 qua
480 5042 585 5107 germ.
602 5021 696 5111 *wijo
711 5047 727 5085 α
745 5019 790 5088 flo
809 5047 839 5089 u.
