3768 5742
324 1085 448 1135 matam
471 1067 655 1158 praebuerit.
679 1068 835 1159 Exempla
854 1069 952 1138 affero
972 1069 1165 1159 deprompta
1185 1071 1338 1158 eprima,
1358 1068 1500 1139 secunda

322 1201 355 1249 et
367 1183 460 1251 tertia
475 1183 585 1253 classe.

365 1296 417 1365 Ab
435 1298 585 1368 indoeur.
607 1297 712 1369 radice
728 1299 852 1390 ghengb
869 1300 1005 1370 ductum
1023 1319 1072 1370 est
1090 1300 1228 1368 verbum
1249 1322 1356 1388 germ.
1376 1303 1500 1393 *gango

322 1439 339 1477 «
355 1435 395 1480 eo
414 1439 446 1494 u,
461 1433 586 1482 servata
600 1413 704 1482 vocali
719 1439 736 1482 e
749 1416 782 1482 in
797 1437 864 1504 ags.
880 1439 1019 1506 gangen.

364 1528 415 1597 Ab
433 1527 582 1599 indoeur.
609 1529 714 1598 radice
744 1528 818 1616 pel‚·
843 1552 946 1617 germ.
977 1529 1088 1599 *walto
1118 1555 1135 1595 u
1160 1529 1279 1598 volvor
1305 1557 1322 1595 a
1348 1549 1381 1600 et
1403 1533 1500 1601 wallo

320 1669 337 1706 c<
355 1641 456 1711 bullio
474 1670 506 1728 u,
523 1663 647 1712 servata
661 1667 676 1710 e
689 1646 724 1712 in
738 1666 792 1711 an.
809 1645 902 1725 velta,
920 1644 994 1713 ahd.
1011 1647 1105 1714 we'lla
1122 1671 1138 1710 u
1155 1645 1276 1714 fluctus
1294 1671 1324 1715 u.

363 1757 415 1826 Ab
432 1757 581 1827 indoeur.
598 1757 704 1826 radice
716 1761 795 1849 sqal,
811 1758 874 1847 sqel
883 1783 894 1826 :
910 1781 1015 1848 germ.
1033 1759 1157 1828 *skuldo
1170 1777 1203 1828 et
1216 1759 1335 1829 *alvaldo
1351 1781 1499 1828 «navem

318 1872 404 1941 duco
422 1899 454 1942 u.

363 1987 491 2056 Contra
510 1990 544 2056 in
564 1988 721 2056 nonnulis
741 1987 907 2056 vocabulis
923 1989 1043 2058 vocalis
1060 2013 1081 2058 α
1101 1990 1244 2079 genuina
1265 2013 1334 2082 esse
1353 1988 1495 2059 videtur.

362 2101 413 2170 Ab
435 2101 585 2172 indoeur.
611 2101 716 2171 radice
740 2115 815 2192 spa:
841 2126 945 2193 germ.
966 2103 1100 2193 *sponna
1127 2102 1298 2173 utendo»
1319 2125 1352 2173 et
1370 2105 1497 2194 *spinato

320 2238 450 2286 «necto
469 2243 500 2286 u.

360 2333 411 2401 Ab
425 2333 575 2402 indoeur.
592 2332 697 2402 radice
710 2334 840 2421 skrapt:
856 2357 961 2424 germ.
981 2334 1132 2405 *skraudo
1157 2333 1310 2420 arundo,
1330 2357 1405 2404 seco
1424 2360 1441 2399 u
1464 2355 1498 2404 et

315 2470 369 2516 an.
384 2425 506 2540 sbljddr
523 2475 540 2514 c<
557 2449 638 2518 liber
651 2449 734 2518 lacer
748 2475 780 2516 u.

359 2563 411 2631 Ab
431 2562 581 2634 indoeur.
604 2563 709 2632 radice
728 2564 821 2632 staud
832 2586 844 2632 .·
866 2587 970 2655 germ.
991 2566 1109 2635 *stante
1128 2565 1269 2635 «tundo
1288 2592 1320 2652 u,
1342 2585 1375 2634 et
1387 2563 1498 2655 *bauto

317 2697 462 2767 astrepo
478 2704 511 2746 u.

360 2794 391 2860 A
418 2817 522 2883 germ.
553 2793 659 2862 radice
684 2793 785 2863 baut:
814 2817 918 2884 germ.
944 2795 1037 2864 bauto
1065 2796 1242 2865 «verbero
1270 2823 1307 2882 a,
1332 2795 1373 2864 cl.
1401 2793 1495 2864 mhd.

317 2908 498 3000 biuzenO).

361 3024 493 3107 Quibus
514 3022 662 3092 addenda
682 3044 759 3092 sunt
782 3024 938 3093 nonnulla
956 3026 1054 3095 verba
1075 3050 1149 3118 quae
1169 3024 1333 3116 duplicem
1351 3023 1494 3094 formam

315 3141 482 3229 ptaesentis
498 3140 653 3208 exhibent
669 3163 807 3230 quarum
821 3139 1001 3209 formarum
1016 3164 1082 3210 una
1097 3142 1274 3222 vocaleme,
1287 3140 1387 3209 altera
1399 3164 1495 3209 voca·

316 3253 568 3343 lemausurpat,
577 3252 726 3321 videlicet
734 3274 837 3340 germ.
848 3255 973 3344 *strango
983 3274 1014 3322 et
1024 3256 1143 3345 *atingo
1154 3281 1171 3320 <c
1181 3277 1295 3345 pungo
1306 3281 1338 3338 u,
1354 3255 1493 3336 *bruttia

317 3368 358 3436 cl.
384 3369 489 3438 breuia
514 3396 531 3433 «
556 3367 703 3457 frangere
727 3392 759 3453 u,
782 3368 906 3457 *hauja
930 3369 972 3438 cf.
997 3369 1107 3462 *heufd
1134 3397 1151 3434 «
1177 3373 1300 3438 naenias
1323 3393 1438 3439 canere
1462 3397 1497 3456 a,

316 3484 474 3575 *hnuupo‚
500 3483 542 3555 cf.
566 3485 707 3573 *hneupo
731 3511 747 3549 u
771 3483 920 3553 divellere
944 3511 974 3556 u.
1004 3525 1048 3538 -
1076 3486 1128 3554 De
1152 3486 1272 3577 quibus
1294 3485 1370 3554 vide
1394 3485 1496 3572 infra,

318 3603 500 3691 v·83‚89·

893 3852 925 3920 11

363 4075 468 4143 Verba
483 4075 517 4143 in
536 4074 652 4166 quibus
672 4075 837 4165 praesentis
856 4073 951 4163 stirps
974 4071 1120 4141 vocalem
1143 4086 1161 4141 ῦ
1182 4071 1327 4155 exhibet,
1344 4071 1495 4141 eamdem
1577 4115 1581 4122 .

317 4193 464 4260 vocalem
487 4205 505 4260 d
528 4192 626 4261 etiam
646 4194 680 4260 in
702 4193 864 4282 praeterito
885 4190 1086 4281 usurpavisse
1104 4188 1271 4272 videntur,
1286 4186 1377 4279 quod
1393 4186 1496 4256 allatis

317 4305 432 4375 formis
447 4325 520 4396 got.
536 4306 712 4396 hwaihwap
724 4332 741 4371 c<
755 4309 896 4375 minatus
914 4325 962 4374 est
975 4331 1007 4388 u,
1023 4307 1067 4395 pl.
1074 4303 1239 4397 faiflokun
1251 4329 1268 4368 c
1281 4308 1449 4376 ἐκόπτοντο
1463 4329 1496 4387 a,

317 4445 371 4490 an.
390 4422 441 4490 bid
453 4421 530 4513 (pro
546 4421 711 4513 *be-boue)
728 4447 745 4486 u
763 4421 917 4490 habitavit
933 4447 964 4504 a,
980 4442 1071 4489 saara
1088 4446 1104 4485 cc
1122 4422 1220 4490 vertit
1237 4446 1268 4505 u,
1283 4441 1357 4489 reru
1369 4445 1386 4483 u
1400 4420 1497 4486 remi·

317 4539 435 4626 gavit»
447 4561 561 4627 gnara,
577 4538 681 4605 «rasit
691 4561 723 4616 u,
737 4559 832 4626 grata
847 4537 974 4604 «crevit
988 4563 1004 4600 u
1017 4536 1094 4626 (pro
1109 4538 1269 4618 *sandica
1283 4535 1368 4626 cet.)
1379 4557 1496 4625 appro-

317 4652 425 4720 batur.
444 4652 682 4721 Successeritne
694 4653 728 4718 in
746 4650 859 4740 plurali
875 4672 1013 4717 numero
1032 4665 1054 4717 a
1073 4669 1129 4719 aut
1149 4651 1171 4719 ti
1191 4651 1355 4719 inlocum
1375 4649 1496 4718 vocalis

316 4780 367 4834 de
389 4769 467 4835 raris
486 4767 679 4856 germanicis
697 4764 814 4834 'formis
833 4788 902 4833 non
925 4766 1001 4833 satis
1017 4785 1117 4855 patet.
1137 4767 1245 4856 Hujus
1268 4764 1495 4854 descriptionis

317 4884 406 4950 enim
422 4882 518 4950 verba
532 4901 589 4950 aut
601 4881 777 4949 verborum
792 4879 947 4949 debilium
964 4902 1018 4949 aut
1033 4879 1184 4949 secundae
1203 4881 1312 4948 classis
1332 4878 1417 4970 (wn.
1435 4879 1497 4948 blaa

319 5023 336 5061 u
355 4997 539 5066 immolavit
556 5024 586 5084 u,
604 4997 644 5068 cf.
661 4996 711 5064 hdr
726 5023 743 5061 «
761 4997 887 5066 vocavit
905 4996 941 5088 u)
954 5015 1010 5064 aut
1024 4998 1128 5065 tertiae
1144 4997 1298 5086 primaeve
1311 4995 1496 5086 analogiam
