3768 5742
783 925 1007 990 ..90-

309 1044 497 1135 objiciendae
518 1062 622 1113 sunt:
651 1043 784 1126 scilicet,
810 1067 928 1134 neque,
954 1066 1012 1112 cur
1036 1065 1222 1112 consonae
1247 1043 1355 1113 medio
1379 1042 1483 1112 ablata

307 1157 405 1228 fuerit
425 1184 443 1228 a
464 1182 631 1251 quoquam
646 1159 751 1227 adhuc
773 1159 954 1228 enodatum
978 1179 1041 1245 est,
1064 1182 1170 1249 neque
1190 1159 1310 1228 vocalis
1334 1159 1432 1227 etiaaia
1456 1160 1483 1227 si

307 1292 457 1343 accentus
478 1298 590 1366 expers
608 1275 718 1359 fuerit,
741 1299 797 1344 seu
820 1294 897 1367 post
920 1275 1076 1365 syllabam
1098 1275 1242 1358 brevem,
1263 1299 1320 1343 seu
1345 1275 1484 1345 subactis

308 1388 432 1458 duabus
446 1393 613 1475 consonis,
628 1394 663 1460 in
680 1392 866 1460 Germaniae
882 1391 1091 1461 occidentalis
1107 1414 1259 1461 sermone
1273 1392 1386 1460 cadere
1400 1390 1483 1459 solet

306 1504 356 1596 (v.
376 1505 579 1594 Brugmmn,
598 1506 782 1588 Grundriss,
802 1507 831 1588 1,
847 1507 865 1599 §
880 1507 974 1597 635).
991 1506 1175 1576 Verisimile
1193 1507 1291 1596 igitur
1311 1529 1380 1574 non
1399 1525 1448 1573 est
1466 1527 1484 1572 e

307 1620 476 1709 praeteritis
493 1620 657 1710 *fe-salpe,
682 1621 846 1710 *fe-salle,
872 1641 934 1691 cet.
959 1645 1106 1712 unquam
1127 1620 1249 1690 formas
1273 1621 1370 1712 *fellu
1396 1619 1482 1709 *f‘lb

308 1755 387 1814 cen,
404 1754 490 1803 ortas
507 1758 585 1802 esse.
606 1735 720 1803 Unum
737 1756 868 1804 tantum
884 1739 1037 1827 conjicias
1054 1737 1183 1807 licebit:
1200 1756 1372 1828 postquam
1391 1735 1485 1803 redu·

307 1849 422 1939 plicata
436 1849 556 1940 syllaba
573 1850 663 1941 (quae
676 1870 769 1920 acuta
784 1852 870 1943 erat)
882 1875 942 1944 pro
957 1853 1082 1921 sincera
1097 1855 1196 1942 stirpe
1210 1853 1362 1945 praeteriti
1376 1849 1485 1919 habita

307 1984 369 2050 est,
380 1964 515 2034 fortasse
525 1989 564 2033 ex
573 1967 742 2056 praeteritis
750 1966 899 2057 '‘l-albe«
916 1969 1023 2036 senuit
1040 1993 1070 2050 a,
1083 1967 1276 2059 *he-(hplde
1293 1993 1310 2030 «
1327 1946 1440 2034 tenuit¹
1450 1989 1482 2048 a,

306 2096 363 2147 aut
377 2079 538 2147 vocalium
551 2103 567 2147 e
581 2099 613 2149 et
625 2101 646 2147 a
656 2083 746 2149 coitu
756 2080 873 2149 formae
887 2080 967 2171 *ιἸΡ,
983 2083 1071 2150 *hald
1083 2082 1189 2173 (unde
1201 2080 1281 2171 *ella
1296 2080 1411 2171 ⁴hild),
1428 2099 1485 2147 ant

307 2197 407 2284 ejecta
421 2193 524 2264 vocali
540 2218 560 2262 a
577 2216 729 2265 accentus
747 2199 871 2285 experti
887 2196 1005 2265 formae
1018 2196 1099 2288 *ella
1116 2196 1202 2265 *held
1215 2195 1274 2287 (cf.
1296 2216 1367 2283 got.
1387 2195 1485 2263 karist

307 2332 348 2377 ex
365 2311 526 2395 *kara-ist,
550 2337 566 2374 n
587 2317 676 2402 μέλει
698 2339 729 2394 »,
745 2311 822 2380 ahd.
839 2313 957 2400 gallire
972 2336 1012 2382 ex
1025 2314 1174 2401 gi-ultiro
1192 2340 1209 2379 α
1225 2315 1336 2382 senior
1352 2312 1388 2403 a)
1402 2331 1484 2380 ortae

307 2443 396 2494 sunt.

352 2541 390 2632 d)
405 2541 494 2610 Cum
511 2541 609 2610 verba
621 2542 716 2632 *jabo
728 2561 761 2610 et
775 2543 883 2627 *halaa
899 2544 1033 2632 *gangra
1044 2543 1167 2629 *avalla
1180 2542 1290 2611 *wallo
1307 2562 1339 2610 et
1348 2542 1481 2625 *skulda

309 2658 388 2724 item
401 2658 493 2748 *albo
506 2677 539 2725 et
551 2657 674 2744 *balda
690 2661 852 2748 praeterita
866 2660 963 2748 *fang
975 2677 1009 2727 et
1027 2659 1135 2748 *hang
1152 2660 1264 2749 *gang
1284 2657 1382 2740 *well‚
1398 2657 1486 2725 *walt

309 2789 341 2839 et
355 2771 464 2858 *sleld
481 2774 548 2864 *alb
565 2794 597 2841 et
613 2773 699 2840 *held
713 2775 954 2862 usurpaverint,
968 2773 1061 2843 facile
1077 2773 1295 2862 intelligemus
1314 2791 1347 2841 et
1364 2771 1486 2862 reliqua

308 2886 404 2956 verba
423 2891 536 2977 primae
557 2888 665 2957 classis
686 2890 843 2976 analogiae
866 2888 950 2977 lege,
973 2889 1121 2958 vocalem
1146 2889 1312 2958 ebrevem
1333 2889 1486 2978 praeteriti

309 3004 401 3092 stirpi
416 3002 610 3072 adhibuisse.
629 3005 677 3072 Ut
691 3028 710 3072 a
723 3005 824 3073 verbo
839 3027 979 3094 wgerm.
999 3005 1138 3094 *gangra
1156 3005 1353 3094 praeteritum
1371 3004 1483 3091 *geng,

308 3118 353 3184 ita
372 3117 509 3186 averbis
532 3118 645 3208 *salim
668 3120 796 3211 *fallam
819 3139 882 3189 cet.
910 3121 1072 3210 praeterita
1094 3118 1180 3209 *falb
1206 3118 1303 3210 *seih
1322 3136 1383 3186 cet.
1402 3116 1486 3185 flexa

216 3295 219 3302 .
308 3250 407 3316 sunt3
433 3234 485 3300 cui
512 3234 689 3301 mutationi
712 3233 859 3323 analogia
881 3257 1014 3326 qnoque
1034 3235 1210 3302 verborum
1235 3233 1357 3323 quintae
1380 3232 1486 3301 classis

308 3346 467 3436 profuisse
476 3348 671 3440 videtur(¹).
685 3350 732 3417 Ut
742 3351 847 3431 enim,
860 3368 986 3417 mutata
994 3351 1180 3438 germanica
1189 3361 1225 3416 5⁷¹
1244 3349 1276 3416 in
1291 3361 1322 3429 a,
1335 3348 1486 3437 praesenti

308 3483 446 3550 wgerm.
470 3464 554 3532 *latu
576 3467 778 3555 praeteritum
800 3465 869 3551 *leh
891 3464 979 3534 haud
1003 3466 1095 3534 aliter
1114 3463 1325 3553 praesentibus
1344 3463 1483 3550 *gdngm

307 3577 421 3666 *futla
438 3596 500 3646 cet.
514 3579 754 3669 respondebant
768 3581 930 3670 praeterita
940 3581 1036 3669 εἴης,
1051 3578 1124 3668 fell.
1138 3579 1324 3661 Postremo,
1337 3573 1395 3644 sub
1406 3575 1485 3643 illud

310 3710 439 3780 tempus
454 3716 521 3784 quo
542 3694 646 3784 prima
665 3694 809 3763 diutiscae
831 3714 865 3761 et
884 3694 1044 3762 saxonicae
1061 3693 1181 3782 linguae
1197 3709 1413 3760 monumenta
1434 3714 1487 3758 ex-

308 3807 428 3894 scripta
441 3827 532 3890 sunt,
549 3808 646 3876 verba
656 3810 763 3898 saban
784 3827 818 3877 et
837 3808 953 3890 haban,
977 3809 1063 3876 sicut
1083 3807 1171 3875 lotan
1187 3806 1227 3875 ad
1245 3805 1486 3875 informandam

308 3923 463 4010 praeteriri
478 3924 611 4012 stirpem
624 3924 773 3992 vocalem
786 3937 804 3992 a·
817 3925 1013 4015 promissam
1027 3941 1283 4013 usurpaverunt3
1301 3919 1378 3989 inde
1389 3922 1425 3988 in
1436 3943 1486 3989 ce-

309 4037 385 4103 teris
400 4036 506 4105 verbis
520 4040 632 4126 primae
646 4040 768 4124 classis,
783 4063 801 4107 e
816 4039 906 4107 brevi
920 4038 1041 4108 vocalis
1055 4039 1186 4128 elonga
1201 4036 1283 4106 lacta
1297 4057 1357 4104 est.

356 4175 386 4240 3.
405 4153 557 4242 Superest
572 4174 606 4223 ut
623 4155 662 4223 de
682 4158 852 4246 praeteritis
867 4155 1041 4246 loquamur
1061 4179 1135 4247 quae
1153 4155 1396 4246 diphthongum
1414 4174 1485 4242 ger·

310 4268 470 4334 manicam
485 4291 522 4336 eu
540 4269 574 4336 in
593 4272 693 4360 stirpe
712 4270 888 4355 exhibent;
914 4270 1032 4361 quibus
1054 4271 1222 4361 praeteritis
1244 4270 1412 4358 praesentia
1431 4287 1487 4336 aut

309 4383 554 4474 diphthongum
568 4409 611 4454 au
626 4408 682 4456 aut
696 4387 844 4457 vocalem
859 4403 878 4458 ῦ
892 4391 1088 4479 promissam
1108 4408 1164 4457 aut
1186 4385 1334 4456 vocalem
1352 4385 1374 4454 a
1394 4405 1451 4454 aut
1470 4398 1487 4453 ἑ

308 4499 483 4589 praebentia
498 4503 708 4592 respondent.

351 4614 390 4705 a)
404 4614 590 4685 Verborum
607 4621 710 4688 tertiae
724 4619 832 4688 classis
846 4643 949 4709 pauca
963 4620 1112 4710 exempla
1126 4621 1278 4710 praeteriti
1298 4635 1485 4708 supersunt.

308 4726 587 4798 Scandinavotum
604 4732 715 4822 lingua
729 4734 850 4822 praebet
863 4732 988 4803 formas
1002 4734 1055 4802 hid
1070 4760 1086 4800 <r
1105 4734 1195 4804 cudit
1213 4760 1229 4797 n
1243 4732 1320 4824 (pro
1334 4731 1488 4822 *he-how)

348 4999 370 5038 1.
387 5001 413 5040 v.
430 4984 467 5042 K.
485 4986 530 5044 Zs.
549 4985 662 5054 XXVII,
679 4985 740 5044 622.
