3768 5742
821 964 864 975 .-.
912 927 954 995 60
1000 964 1041 975 .-

346 1083 414 1130 non
435 1063 558 1152 integra
578 1083 701 1132 servata
720 1083 782 1147 est,
808 1065 864 1134 sed
885 1064 1007 1153 adjecta
1038 1065 1213 1134 derivativa
1236 1063 1356 1154 syllaba
1382 1060 1523 1155 quadam

346 1176 501 1264 producat
520 1197 581 1246 est.
1386 1253 1391 1264 ,

389 1292 493 1361 Verba
507 1292 609 1361 valida
624 1295 658 1362 in
672 1295 857 1384 germanica
876 1294 1000 1382 lingua,
1022 1316 1079 1362 seu
1099 1316 1156 1383 per
1179 1293 1391 1361 iterationem
1412 1293 1526 1383 primae

346 1406 486 1493 syllabae,
503 1431 557 1476 seu
574 1432 631 1498 per
645 1409 867 1500 apophoniam
881 1428 1012 1478 tantum
1030 1411 1231 1499 praeteritum
1245 1406 1391 1490 flectant,
1412 1426 1444 1475 et
1465 1429 1525 1496 pro

347 1522 444 1611 stirpe
457 1527 622 1611 praesentis
636 1524 802 1594 indicativi
817 1526 872 1618 (ut
887 1526 927 1595 de
943 1527 1090 1615 optativo
1107 1526 1249 1615 taceam)
1263 1523 1405 1593 radicem
1414 1521 1525 1592 addito

347 1635 509 1706 elemento
535 1664 566 1708 -o
588 1665 631 1721 ·c‚
660 1661 693 1709 et
717 1663 778 1731 pro
809 1642 909 1731 stirpe
930 1643 1086 1730 praeteriti
1111 1641 1252 1710 radicem
1275 1639 1400 1708 nudam
1422 1641 1526 1728 ipsam

346 1774 515 1841 usurpant.
534 1755 682 1844 Exempli
697 1779 792 1824 causa
808 1757 885 1824 satis
909 1758 970 1824 erit
990 1755 1104 1824 afferre
1120 1756 1216 1825 verba
1237 1756 1425 1844 germanica
1438 1753 1526 1822 *bera

348 1893 364 1930 a
381 1867 449 1935 fero
465 1895 482 1932 »
499 1890 530 1938 et
544 1870 657 1960 *sartho
673 1897 688 1935 a
706 1873 799 1962 capio
817 1899 833 1935 n
853 1895 925 1962 quae
940 1871 979 1940 ad
995 1872 1242 1940 informandum
1257 1894 1399 1962 praesens
1409 1871 1526 1959 stirpes

347 1982 443 2064 lara,
454 1984 569 2072 sunho-
585 1986 620 2075 (3
640 1985 682 2075 pl.
695 1987 857 2069 *bero-nti,
867 1988 1046 2076 *sartho-nti
1057 1989 1136 2078 cet.)
1151 2007 1206 2056 aut
1223 1988 1307 2056 bere·
1316 1986 1439 2076 funbc-
1449 1985 1486 2077 (2
1497 2007 1523 2052 s.

346 2097 480 2185 *biri-ai,
500 2121 513 2186 3
527 2123 554 2166 s.
568 2100 707 2182 *biri-ti,
720 2121 797 2184 cet„
808 2125 847 2169 ex
856 2102 1014 2183 *bbere-ri,
1025 2102 1184 2184 *bbere-ti,
1194 2101 1337 2191 cet.)‚ad
1346 2100 1528 2169 informari·
1613 2094 1618 2104 '

348 2211 427 2278 dum
443 2216 641 2302 praeteritum
656 2214 798 2284 radicem
813 2216 935 2285 nudam
951 2216 1041 2300 ban,
1053 2216 1159 2306 sanh-
1173 2214 1306 2307 (sang)
1321 2215 1489 2283 adhibent.

392 2328 470 2396 Non
485 2349 593 2398 tamen
607 2354 735 2420 semper
746 2331 821 2400 licet
831 2333 983 2421 praeteriti
994 2333 1131 2421 stirpem
1143 2331 1240 2399 radici
1250 2331 1401 2421 adaeques
1410 2358 1420 2414 ;
1435 2353 1526 2412 nam,

348 2441 374 2507 si
387 2443 481 2510 verba
495 2447 678 2531 germanica
691 2446 826 2535 *sponna
842 2473 858 2510 «
876 2446 979 2514 tendo
997 2474 1013 2510 »
1030 2465 1063 2513 et
1075 2448 1189 2535 *spano
1208 2472 1224 2510 u
1244 2444 1349 2513 allicio
1368 2471 1385 2509 ³>
1402 2469 1474 2536 quae
1487 2443 1527 2512 ad

348 2557 495 2625 eamdem
508 2579 563 2627 aut
576 2581 662 2629 certe
676 2560 877 2630 simillimam
893 2564 1055 2651 originem
1070 2561 1267 2646 referuntur,
1283 2562 1370 2628 inter
1383 2585 1418 2628 se
1443 2582 1528 2628 con-

348 2673 457 2741 tuleris
478 2675 687 2744 manifestum
713 2679 773 2745 erit
794 2691 894 2767 spana
913 2701 982 2746 non
1002 2679 1183 2765 legitimam
1205 2677 1261 2744 sed
1280 2675 1408 2759 falsam,
1429 2699 1529 2766 quam

347 2788 471 2872 dicunt,
493 2790 632 2859 radicem
654 2815 745 2875 esse;
768 2793 854 2860 haud
876 2794 966 2863 aliter
994 2795 1188 2884 comparatis
1211 2791 1345 2882 *sponna
1363 2811 1396 2861 et
1415 2774 1529 2879 *spond

348 2927 423 2971 cum
432 2928 538 2993 graeco
548 2906 648 2974 verbo
658 2911 751 2979 σπάω
764 2933 780 2971 c<
794 2906 964 2976 diffindere
977 2935 992 2973 >³
1005 2927 1062 2976 aut
1071 2909 1263 2998 germanicis
1272 2907 1387 2976 formis
1397 2906 1524 2995 *fania

348 3018 548 3110 *jesangzrme
558 3045 633 3088 curn
645 3023 830 3110 germanica
839 3024 944 3115 *sagio
959 3050 975 3088 «
994 3024 1144 3112 adaptare
1157 3049 1173 3087 n
1186 3023 1237 3090 vel
1245 3024 1357 3112 graecis
1370 3023 1525 3115 πήγνῡμι,

351 3136 454 3226 ἐπάγη
469 3135 615 3205 latinisve
626 3150 702 3226 prix,
717 3141 867 3226 paciscor,
878 3151 999 3226 pactus,
1017 3138 1139 3207 radices
1154 3139 1305 3228 primitus
1315 3136 1529 3226 nonspan(n)

349 3250 508 3338 amsani,
520 3252 618 3340 sung,
637 3251 691 3320 sed
707 3255 817 3340 potius
831 3238 889 3342 spii
903 3273 935 3321 et
945 3254 1010 3342 puk
1029 3254 1143 3344 [pugL
1159 3273 1213 3322 aut
1227 3255 1362 3322 mutatis
1373 3252 1528 3321 consonis

350 3364 529 3433 secundum
545 3365 691 3452 regulam
706 3369 900 3453 germanicae
917 3369 1161 3436 substitutionis
1182 3369 1452 3450 consonantium,
1465 3367 1529 3456 frib

348 3478 442 3570 (sog)
462 3480 552 3569 [fak]
578 3481 677 3573 fuisse
697 3483 863 3570 judicabis.
888 3481 1033 3571 Oportet
1052 3485 1152 3570 igitur
1177 3484 1335 3573 genuinas
1364 3481 1486 3551 radices
1511 3505 1529 3548 a

349 3591 433 3661 falsis
447 3597 666 3684 seiungamus,
681 3616 714 3664 et
729 3620 803 3686 quae
819 3597 917 3665 fuerit
932 3600 1083 3687 primitus
1098 3598 1275 3667 verborum
1290 3596 1529 3686 reduplicatum

349 3709 546 3797 praeteritum
570 3709 785 3799 praebentium
810 3711 917 3779 forma
941 3712 1049 3802 (quod
1074 3712 1114 3779 ad
1134 3731 1355 3780 consonantes
1374 3709 1526 3800 attinet),

349 3823 561 3912 inquiramus.

394 3939 430 4028 a)
444 3940 473 4006 A
488 3940 592 4008 verbis
608 3941 721 4029 primae
735 3939 843 4008 classis
859 3939 987 4024 ordiar;
1004 3965 1078 4030 quae
1090 3942 1284 4032 plerumque
1298 3939 1392 4010 falsas
1407 3939 1529 4009 radices

349 4052 515 4139 adhibent,
532 4073 567 4122 ut
582 4058 649 4143 jam
663 4053 703 4122 de
718 4055 875 4124 Saussure
890 4055 988 4146 (Syst.
1002 4059 1142 4146 primia,
1160 4080 1193 4145 p.
1212 4056 1292 4146 182)
1307 4055 1432 4125 docuit.

397 4191 425 4236 1.
441 4169 597 4237 Videmus
612 4172 700 4238 enim
720 4172 857 4239 verbum
876 4169 978 4239 *bulso
992 4171 1194 4263 (*halso·jo?)
1217 4170 1404 4262 «amplecti
1426 4197 1442 4234 a
1466 4169 1529 4259 pri-

350 4287 449 4353 mitus
464 4309 531 4353 non
546 4284 728 4355 secundum
742 4286 884 4356 validam
896 4288 952 4356 sed
968 4287 1110 4356 debilem
1121 4291 1389 4378 conjugationem
1406 4286 1529 4354 flexum

350 4420 381 4467 et
399 4423 416 4468 a
437 4402 535 4490 stirpe
562 4424 666 4490 germ.
690 4401 793 4470 halsa—
817 4403 967 4472 indoeur.
990 4403 1089 4472 bolso·
1112 4431 1129 4468 <r
1156 4405 1280 4473 collum
1306 4429 1323 4467 n
1347 4403 1529 4472 derivatum

350 4539 438 4598 esse;
455 4517 498 4583 ita
512 4516 604 4583 *ralla
620 4541 636 4579 a
654 4515 734 4584 sallo
752 4543 784 4600 u,
799 4517 891 4609 *albo
912 4545 929 4582 a
951 4540 1085 4586 senesco
1111 4544 1143 4602 n,
1166 4518 1284 4587 *staldo
1306 4517 1491 4607 «possideo
1511 4540 1528 4579 n

350 4653 417 4698 non
447 4632 608 4720 primaria,
638 4653 712 4721 quae
735 4628 902 4716 dicuntur,
928 4633 1038 4715 verba,
1065 4633 1121 4702 sed
1145 4633 1186 4703 de
1209 4633 1404 4701 substantivi
1428 4631 1532 4699 salta-

352 4771 368 4810 α
384 4745 429 4815 sal
446 4773 462 4811 1>
477 4766 508 4814 et
524 4747 760 4836 adJectivorum
775 4747 869 4837 alba·
885 4773 901 4811 «
918 4767 1013 4816 vetus
1029 4774 1046 4813 n
1069 4749 1239 4840 (indoeur.
1264 4747 1395 4838 al·to-)‚
1411 4746 1531 4815 scalda·

353 4864 440 4951 «qui
463 4882 563 4947 tenet,
579 4862 759 4953 possidet»
781 4863 950 4954 (indoeur.
966 4855 1100 4957 *sti-trid
1120 4867 1276 4957 stirpibus
1299 4865 1443 4934 derivata
1463 4885 1532 4932 esse

350 4976 511 5048 videntur.
