3768 5742
916 948 962 961 ..
1010 934 1024 999 3
1075 950 1119 962 ..

471 1052 596 1120 Faldan
620 1050 769 1142 (salton)
796 1077 811 1114 a
836 1049 966 1139 plicare,
993 1052 1131 1141 plectere
1152 1076 1195 1134 »3
1219 1052 1358 1140 salqan?
1388 1079 1404 1116 «
1426 1054 1537 1120 striare
1558 1079 1600 1137 »3

424 1169 566 1237 haitan«
585 1187 695 1236 tenere
713 1193 750 1249 »3
770 1169 891 1234 saaltan
917 1194 933 1231 <r
952 1167 1070 1236 ducere
1090 1191 1219 1250 navem,
1241 1168 1399 1237 declinare
1417 1195 1457 1254 »3
1478 1169 1603 1257 spaltan

428 1311 445 1348 a
464 1283 587 1352 findere
605 1310 642 1370 u;
666 1282 787 1351 walton
811 1310 828 1347 (ι
850 1281 1027 1368 dominari,
1044 1305 1178 1372 regnare
1196 1310 1237 1369 ›>;
1262 1287 1369 1374 salqan
1396 1313 1412 1351 u
1434 1285 1543 1354 sallere
1560 1311 1601 1370 »3

425 1400 552 1488 walzan
577 1425 593 1464 <r
611 1400 698 1467 volvi
718 1425 757 1482 »ς
780 1398 891 1488 fullon
914 1427 931 1464 u
950 1399 1073 1483 cadere,
1091 1399 1153 1468 labi
1170 1427 1186 1465 u
1200 1427 1209 1484 ;
1225 1402 1344 1468 wallon
1363 1428 1379 1466 <r
1395 1422 1528 1484 scatere,
1542 1401 1605 1470 ler-

426 1538 501 1583 vere
518 1541 559 1600 u;
584 1516 729 1584 walthan
754 1541 770 1579 u
788 1515 933 1598 volvere,
950 1519 1168 1607 comprimere
1185 1543 1224 1604 »3
1252 1517 1343 1586 mhd.
1367 1518 1472 1586 baltea
1497 1547 1514 1583 <r
1532 1541 1606 1586 am-

427 1631 524 1721 plecti
541 1657 572 1700 u.

471 1747 609 1816 barnan
639 1773 655 1812 ι(
675 1749 786 1830 citare,
812 1747 955 1815 indicere
975 1774 1015 1832 »ς
1048 1749 1186 1818 blandan
1210 1776 1225 1813 a
1245 1749 1379 1816 miscere
1397 1776 1438 1835 u;
1460 1763 1606 1840 spannan

430 1890 447 1928 u
466 1862 597 1931 tendere
614 1887 630 1926 a
645 1889 654 1946 ;
672 1885 806 1952 gangen
824 1889 840 1928 a
858 1865 904 1931 ire
924 1889 954 1930 u.

472 1979 587 2046 Fahan
603 2006 620 2044 «
637 2003 764 2069 capere,
776 1988 900 2060 tenere,
913 2002 1022 2067 rapere
1037 2005 1053 2042 a
1070 2005 1079 2061 ;
1096 1978 1199 2048 haban
1215 1978 1451 2069 «suspendere,
1461 1979 1560 2067 ligere
1571 2007 1604 2048 a.

474 2095 683 2184 Participiurn
698 2096 853 2184 praeteriti
868 2093 1018 2162 eamdem
1038 2093 1184 2162 vocalem
1203 2107 1224 2164 ᾶ
1241 2114 1336 2185 atque
1355 2117 1494 2184 praesens
1516 2097 1606 2164 exhi-

428 2208 482 2276 bet
496 2233 504 2276 :
520 2210 672 2298 gisaldan
688 2209 862 2300 (gajaltan)
878 2229 941 2279 cet.

475 2325 603 2414 Syllaba
634 2325 831 2415 reduplicata
863 2326 1016 2414 praeteriti
1045 2348 1143 2415 quam
1170 2327 1277 2412 gotica
1305 2327 1415 2415 lingua
1443 2328 1607 2417 integram

429 2459 623 2524 servaverat,
645 2444 680 2509 in
702 2442 839 2511 diutisca
861 2441 973 2532 lingua
994 2445 1141 2525 evanuit,
1169 2443 1214 2510 ita
1243 2461 1279 2509 ut
1301 2444 1453 2531 praeteriti
1474 2446 1608 2533 signum

430 2563 496 2650 jani
512 2582 581 2627 non
593 2559 767 2626 iteratione
782 2559 898 2648 prioris
912 2555 1042 2646 syllabae
1055 2559 1246 2640 constiterit,
1262 2556 1331 2639 sed,
1348 2579 1384 2626 ut
1398 2561 1431 2626 in
1449 2559 1608 2650 plerisque

430 2675 536 2742 verbis
551 2675 676 2757 validis,
689 2674 875 2764 apophonia
891 2672 1011 2740 vocalis
1023 2675 1057 2740 in
1071 2672 1176 2741 media
1189 2676 1286 2762 stirpe
1300 2676 1425 2764 positae.
1444 2677 1474 2742 V
1476 2676 1573 2744 ocalis
1586 2697 1608 2743 a

432 2815 531 2883 quam
546 2793 654 2878 gotica
665 2792 827 2880 praeterita
842 2788 986 2879 praebent
1001 2792 1035 2857 in
1051 2803 1069 2856 ῑ
1082 2791 1273 2879 promissam
1291 2812 1493 2859 commutata
1507 2816 1609 2882 appa-

433 2929 495 2978 ret.
521 2910 609 2992 Quae
633 2908 755 2976 vocalis
778 2921 796 2974 ῑ
814 2931 832 2973 a
851 2908 1034 2974 veterrimis
1052 2906 1260 2996 scriptoribus
1275 2909 1399 2994 integra
1414 2929 1538 2976 servata
1547 2909 1605 3000 (¹),

434 3045 552 3092 octavo
566 3022 684 3092 saeculo
700 3043 839 3090 exeunte
853 3023 888 3089 in
903 3027 945 3104 la,
960 3021 993 3090 id
1010 3040 1058 3088 est
1070 3043 1106 3087 ea
1116 3020 1174 3112 (²),
1189 3021 1317 3104 deinde,
1330 3046 1421 3091 nono
1437 3022 1555 3091 saeculo
1573 3026 1607 3091 in

433 3143 467 3207 ia
481 3139 541 3230 (ὅ),
557 3157 726 3228 postremo
741 3139 775 3204 in
794 3141 822 3205 ie
835 3139 1008 3205 immutata
1025 3137 1098 3205 fuit,
1117 3138 1365 3228 Nonnunquam
1383 3141 1481 3207 eriam
1501 3143 1610 3208 evenit

435 3276 470 3325 ut
486 3279 524 3323 ex
542 3269 560 3323 e·
578 3279 645 3322 non
662 3260 704 3335 dl,
723 3254 778 3321 sed
791 3249 909 3321 ¹contra
924 3259 967 3335 ὲέ,
985 3252 1017 3322 id
1033 3273 1079 3321 est
1096 3259 1125 3321 ei
1138 3255 1306 3334 exstiterit,
1322 3253 1410 3322 velut
1426 3255 1460 3322 in
1476 3255 1607 3339 bi-heilt,

435 3371 587 3439 bibeialt?
604 3398 620 3436 <r
638 3371 827 3451 servavit»,
845 3371 1030 3458 int-pheing
1046 3395 1062 3433 r<
1081 3371 1201 3459 accepit
1218 3395 1249 3451 u,
1268 3370 1461 3459 artatur-seille
1478 3397 1495 3434 rr
1512 3373 1611 3439 inter-

434 3487 511 3556 cidit
529 3512 560 3555 a.
577 3487 663 3555 Raro
679 3499 834 3575 appareti
848 3509 908 3575 pro
924 3489 964 3564 ie,
981 3505 1017 3553 ut
1032 3486 1148 3575 insint
1166 3512 1182 3550 a
1199 3487 1281 3575 cepit
1301 3511 1331 3568 a,
1345 3484 1393 3574 sil
1410 3513 1426 3551 a
1444 3486 1558 3554 cecidit
1577 3512 1608 3555 u.

434 3627 466 3670 v.
485 3603 613 3670 Braune
628 3602 716 3670 Alai.
738 3601 900 3686 Cromna,
918 3600 936 3691 §
953 3621 1011 3689 353
1030 3601 1158 3688 Singer,
1174 3600 1271 3668 Beitt.
1287 3600 1349 3682 XI,
1366 3622 1428 3690 293
1446 3624 1519 3692 sqq.

480 3721 517 3786 P.
536 3717 617 3807 ficit,
644 3717 731 3798 hieu,
759 3717 856 3800 stitit,
878 3716 980 3804 spicit,
1005 3715 1101 3798 wielt,
1126 3717 1210 3803 ricla,
1232 3715 1333 3804 welz,
1357 3716 1491 3797 *wieltb,
1517 3715 1609 3784 mhd.

434 3833 522 3918 biels,
540 3832 616 3902 ahd.
631 3834 751 3902 *briena
764 3838 874 3922 gieng.

480 3950 587 4018 Verba
602 3973 746 4040 quorum
763 3951 931 4039 praesentis
953 3949 1049 4037 stirps
1068 3949 1102 4015 in
1118 3950 1283 4038 geminam
1302 3972 1358 4031 nn,
1379 3949 1404 4015 ll
1425 3947 1556 4029 desinit,
1578 3949 1612 4015 in

435 4066 589 4155 praeteriti
614 4068 714 4156 stirpe
738 4065 921 4154 simplicem
951 4086 1131 4132 consonam
1157 4064 1298 4154 praebent
1316 4088 1323 4132 :
1344 4063 1401 4154 fiel
1424 4063 1469 4153 pl.
1490 4063 1615 4153 ficium·

435 4183 508 4249 wicl
521 4181 565 4271 pl.
583 4184 723 4261 witlam
736 4181 822 4248 *bien
838 4181 882 4270 pl.
899 4180 1029 4248 *bienun
1041 4204 1055 4260 ;
1068 4185 1155 4269 spica
1166 4181 1208 4270 pl.
1221 4182 1364 4268 spienun.
1378 4181 1418 4247 V.
1433 4179 1536 4264 Graii,
1549 4180 1611 4264 III,

436 4298 885 4389 4562⁵qq·;1‚798›⁵qq·;
906 4298 966 4378 VI,
985 4299 1061 4386 346,
1077 4319 1127 4386 sq·

479 4643 793 4708 1.ParisinaeGlossae,
819 4640 925 4696 Glossae
948 4641 1079 4706 Keronis,
1102 4639 1297 4694 Vocabularius
1319 4640 1359 4694 Sti
1381 4637 1468 4702 Galli,
1492 4639 1617 4693 Primum

439 4732 610 4788 Glossarium
626 4749 658 4787 ex
673 4731 840 4795 Reichenau,
858 4729 1097 4785 francofurtenses
1112 4728 1216 4784 Glossre
1230 4728 1406 4798 (Fragmenta
1421 4725 1576 4795 theotisca).

476 4839 501 4879 2.
521 4823 688 4894 Fragmenta
709 4821 853 4886 theotisca,
876 4821 1006 4888 Isidorus,
1028 4820 1184 4875 Secundum
1205 4817 1374 4873 Glossarium
1395 4833 1428 4870 ex
1447 4816 1616 4882 Reichenau,

440 4909 572 4982 Muspilli,
589 4909 692 4966 Otfrid.

478 5018 502 5070 3.
520 5001 662 5066 Tanaum,
679 4999 800 5055 Carmen
815 4998 849 5052 de
864 5014 928 5068 rege
944 4997 1093 5061 Ludovico,
1110 4995 1256 5050 Confessio
1270 4995 1456 5065 moguntiaca.
