3768 5742
847 925 1070 990 ..51-

414 1084 449 1131 2.
466 1064 512 1132 Ut
526 1064 562 1132 in
575 1062 817 1157 indoeutopaea,
833 1067 877 1134 ita
894 1067 928 1134 in
944 1065 1129 1153 germanica
1144 1064 1255 1154 lingua
1269 1068 1435 1156 praesentis
1450 1070 1547 1158 stirps

369 1201 609 1271 nonnunquam
628 1181 737 1251 addita
760 1181 879 1271 syllaba
898 1205 954 1249 -ao
971 1205 1025 1248 -ne
1047 1180 1265 1264 informatum
1287 1183 1426 1272 exempli
1445 1186 1548 1273 gratia

366 1297 480 1384 gotico
495 1299 646 1386 praesenti
662 1297 835 1391 froila-nan
859 1300 1128 1386 «interrogare»
1151 1296 1326 1386 respondet
1347 1301 1547 1387 praeteritum

361 1411 443 1499 frah
458 1412 503 1501 pl.
513 1412 659 1503 faelium.
678 1413 799 1482 Eadem
815 1432 863 1481 est
878 1413 1045 1502 praesentis
1060 1412 1251 1482 informatio
1266 1416 1300 1482 in
1314 1414 1420 1483 verbis
1437 1414 1549 1483 *wallo

369 1527 505 1596 «bullio
524 1556 541 1592 »
558 1550 590 1596 et
604 1529 700 1620 *fallo
717 1555 733 1593 t<
751 1529 831 1596 cado
850 1555 865 1593 »
886 1528 964 1619 (pro
987 1529 1128 1596 *wal-no
1150 1548 1181 1595 et
1202 1527 1352 1619 *sal-no),
1374 1531 1408 1597 in
1430 1529 1548 1621 quibus

367 1645 543 1729 geminatae
555 1644 581 1711 ll
594 1668 632 1712 ex
647 1645 659 1711 l
675 1661 715 1720 -ι-
732 1663 847 1712 nortae
860 1665 955 1729 sunt3
979 1643 1055 1712 inde
1070 1642 1157 1711 falsae
1173 1643 1293 1712 radices
1308 1646 1397 1727 wall,
1409 1645 1489 1734 fall,
1508 1669 1547 1711 ex

367 1760 486 1849 quibus
500 1761 700 1848 praeteritum
717 1783 785 1828 non
799 1783 855 1850 per
870 1759 1105 1850 apophoniam,
1122 1779 1158 1828 ut
1176 1782 1249 1827 mos
1262 1779 1309 1828 est
1325 1761 1359 1828 in
1374 1761 1481 1829 verbis
1490 1783 1546 1827 va·

367 1873 440 1944 lidis
463 1895 564 1943 sextae
586 1875 694 1944 classis
718 1875 778 1967 (cf.
800 1900 832 1964 p.
854 1877 884 1943 ol
905 1899 923 1942 a
942 1895 1014 1962 got.
1042 1899 1135 1964 praes.
1159 1875 1236 1943 alan
1259 1901 1275 1939 rt
1295 1876 1421 1944 nutrire
1443 1902 1485 1962 u;
1513 1899 1545 1964 p.

366 1991 434 2082 stoi>
451 2013 553 2080 agot.
578 2015 671 2080 praes.
693 1992 828 2059 standan
850 2019 866 2055 tt
884 2011 968 2060 stare
984 1991 1034 2082 a),
1055 1992 1110 2058 sed
1129 2014 1185 2080 pet
1206 1992 1413 2059 iterationem
1435 1994 1549 2083 primae

367 2106 510 2195 syllabae,
527 2128 651 2177 servata
666 2107 802 2175 vocalia
818 2107 906 2175 brevi
921 2110 955 2175 in
970 2108 1076 2176 radice
1095 2106 1263 2198 Usa-falla,
1284 2108 1472 2201 *we-walle)
1494 2107 1548 2176 de-

367 2225 509 2290 rivatum
531 2243 591 2289 est.
616 2223 792 2291 Geminam
815 2224 915 2309 igitur
936 2244 1117 2290 consonam
1140 2222 1165 2289 ll
1184 2244 1254 2289 non
1276 2220 1385 2290 solum
1409 2225 1443 2291 in
1468 2247 1548 2312 prae·

367 2337 467 2405 sentis
483 2336 539 2405 sed
554 2339 652 2406 etiarn
665 2338 701 2404 in
715 2339 867 2427 praeteriti
882 2339 981 2428 stirpe
999 2336 1143 2426 praebent
1163 2359 1209 2409 as,
1227 2337 1291 2426 fall
1311 2336 1356 2404 H.
1374 2341 1474 2424 2208,
1502 2338 1545 2427 pl.

295 2545 298 2551 Ι
361 2452 468 2540 sellun
478 2475 493 2532 ;
506 2476 573 2520 wn.
584 2452 659 2541 fell,
674 2451 720 2542 pl.
731 2452 893 2545 fello-(m)
903 2479 913 2537 ;
931 2475 988 2520 on.
1000 2451 1075 2540 soll,
1087 2451 1165 2540 full,
1174 2452 1254 2541 full,
1273 2449 1315 2540 pl.
1326 2450 1428 2540 fiollo,
1441 2452 1524 2538 fullo
1533 2477 1548 2534 ;

366 2589 434 2655 ags.
445 2569 538 2659 feoll,
556 2569 658 2650 weoll,
677 2569 737 2636 alr.
749 2569 919 2659 fori-felle,
936 2586 1061 2636 servata
1078 2587 1188 2634 tamen
1203 2588 1444 2658 nonnunquam
1465 2570 1548 2636 sim-

368 2681 450 2771 plice
470 2683 648 2750 consonal
676 2684 710 2751 in
734 2683 809 2750 abd.
828 2681 897 2771 fiel,
927 2683 1011 2763 wiel,
1038 2681 1082 2770 pl.
1102 2680 1217 2769 ficiun,
1245 2683 1360 2750 wialan
1371 2705 1387 2762 ,·
1408 2705 1455 2749 as.
1474 2683 1548 2772 fal;

366 2795 487 2864 aschw.
504 2798 576 2887 scal,
591 2797 659 2887 fal,
670 2796 747 2888 foll,
771 2820 838 2886 ags.
855 2797 934 2885 scol,
952 2798 1030 2864 waol
1039 2818 1054 2876 ;
1074 2797 1108 2862 in
1131 2795 1248 2886 quibus
1269 2815 1378 2863 tamen
1400 2795 1515 2864 formis
1536 2799 1548 2866 l

366 2911 558 3001 plerumque
575 2935 613 2978 ex
627 2913 651 2978 ll
661 2914 694 2980 in
711 2932 857 2980 extremo
872 2910 1032 2979 vocabulo
1049 2931 1121 2978 orta
1136 2933 1205 2977 esse
1222 2908 1362 2979 videtur.

411 3027 450 3095 ln
472 3027 576 3094 verbis
594 3026 711 3096 *barano
733 3054 749 3092 «
773 3027 894 3095 bannio
914 3054 930 3090 »
952 3045 982 3094 et
1002 3027 1136 3114 *spanno
1158 3024 1293 3093 «tendo
1312 3052 1328 3088 »
1350 3029 1445 3115 stirps
1467 3049 1545 3115 prae-

366 3142 468 3208 sentis
483 3165 500 3208 e
515 3141 673 3210 radicibus
690 3141 761 3221 blaa,
776 3154 844 3231 spa,
861 3141 972 3210 addito
987 3140 1151 3209 elemento
1172 3162 1279 3224 nequ,
1299 3165 1389 3226 nepe-
1404 3140 1546 3209 derivata

366 3278 435 3322 esse
450 3255 577 3323 videtur
592 3256 642 3345 (v.
660 3253 810 3337 Osthoff,
825 3256 875 3323 M.
898 3256 937 3323 U.
955 3256 1015 3337 IV,
1034 3275 1071 3343 35
1092 3277 1188 3344 sqq.;
1208 3255 1312 3343 Pers„
1335 3278 1367 3342 p.
1396 3276 1454 3343 353
1478 3279 1543 3344 sq.,

368 3371 459 3461 518).
477 3372 526 3438 Ex
538 3369 654 3438 formis
674 3394 844 3460 praegerm.
861 3371 1046 3458 *tha-napa,
1065 3375 1219 3458 spa-nepo
1240 3388 1321 3438 ortae
1340 3390 1418 3438 sunt
1438 3392 1543 3458 germ.

363 3484 502 3566 *baneam
519 3486 672 3575 *spanwo,
697 3485 824 3571 *dannez
847 3487 991 3574 *spannia
1015 3483 1103 3553 unde
1125 3483 1212 3552 falsae
1235 3482 1356 3552 radices
1377 3484 1493 3576 bun(n)
1513 3505 1545 3554 et

362 3598 497 3691 span(n)
511 3599 614 3684 factae,
626 3623 666 3668 ex
682 3600 798 3690 quibus
811 3604 971 3689 praeterita
986 3619 1042 3668 aut
1055 3601 1222 3689 geminam
1237 3620 1419 3666 consonam
1435 3624 1479 3668 nn
1488 3620 1544 3668 aut

363 3716 544 3805 simplicem
558 3743 579 3786 n
593 3717 769 3806 praebentia
783 3715 941 3787 declinata
955 3736 1044 3786 sunt.

408 3832 581 3900 Praesentis
610 3833 707 3920 stirps
731 3831 848 3922 sanbo-
880 3859 896 3897 a
928 3854 1040 3921 capere
1077 3858 1094 3895 »
1129 3852 1169 3897 ex
1198 3852 1369 3920 praegerm.
1395 3830 1541 3920 puk-n0·,

357 3946 513 4035 paulina,
528 3947 658 4036 punita,
677 3968 749 4017 orta
763 3949 811 4038 (v.
832 3946 982 4030 Osthoff,
996 3947 1085 4035 Pers.
1103 3970 1135 4036 p.
1150 3948 1232 4034 548;
1251 3946 1379 4034 Henry,
1396 3945 1541 4015 Gramm.

361 4074 476 4150 comp„
494 4063 512 4154 §
527 4085 584 4151 93,
607 4065 660 4154 4),
682 4067 746 4154 jam
770 4065 826 4132 illo
847 4082 994 4153 tempore
1015 4063 1056 4132 ad
1076 4061 1323 4130 informandum
1342 4064 1543 4151 praeteritum

362 4198 516 4268 usurpata
537 4199 584 4248 est
607 4204 675 4270 quo
696 4182 939 4250 Germanorum
958 4204 1023 4249 vox
1042 4203 1112 4247 non
1133 4202 1261 4269 semper
1277 4181 1416 4267 primam
1433 4183 1543 4268 cujus-

361 4318 427 4384 que
448 4296 598 4365 vocabuli
623 4297 781 4386 syllabam
803 4298 857 4366 sed
883 4319 1124 4386 nonnunquam
1151 4297 1249 4363 etiam
1273 4297 1541 4364 terminationem

360 4411 507 4479 acuebat.
532 4412 635 4491 Nam,
663 4431 700 4480 ut
724 4435 821 4501 supra
843 4411 983 4479 vidimus
1016 4410 1068 4501 (p.
1099 4410 1151 4501 4),
1183 4411 1287 4498 prima
1307 4409 1542 4478 substitutione

360 4525 413 4593 illa
429 4529 699 4611 consonantium,
716 4550 756 4595 ex
771 4527 921 4596 tenuibus
945 4524 1203 4595 consonantibus
1224 4544 1280 4592 aut
1297 4527 1455 4614 spirantes
1480 4523 1538 4616 (cf.

359 4662 465 4727 germ.
486 4642 609 4733 *faniau
626 4665 698 4733 got.
715 4643 864 4734 sai-fala)
878 4663 934 4712 ant
950 4641 1065 4712 mediae
1082 4639 1141 4732 (cf.
1162 4662 1268 4730 germ.
1292 4639 1541 4731 *se-sangdnqe)

359 4753 560 4843 factasunt,
582 4780 680 4848 prout
702 4759 791 4827 radix
810 4780 905 4828 acuta
929 4781 985 4829 aut
1007 4778 1160 4827 accentus
1184 4779 1297 4847 expers
1320 4775 1400 4823 erat.
1426 4756 1540 4846 Itaque

358 4870 570 4959 judicandum
585 4894 633 4942 est
650 4877 785 4964 stirpem
799 4877 953 4967 praeteriti
965 4873 1106 4943 natalem
1118 4898 1138 4940 n
1149 4871 1189 4940 ad
1199 4869 1540 4960 exemplarpraesentis

359 4986 424 5070 jam
439 5007 515 5056 ante
529 5009 659 5078 tempus
675 4991 824 5081 adeptam
839 5015 919 5076 esse,
938 5015 1004 5082 quo
1019 4993 1177 5080 spirantes
1192 4986 1373 5056 secundum
1394 4985 1538 5075 regulam
