3768 5742
868 963 1092 1049 ..85-

386 1101 552 1172 vocabulis
563 1105 668 1192 prima
681 1101 803 1192 syllaba
812 1121 906 1171 acuta
921 1101 1005 1171 lacta
1017 1101 1149 1184 est,sibi
1160 1103 1334 1194 assumpsit
1344 1103 1402 1195 (¹).
1420 1104 1568 1194 Exempli

387 1241 481 1287 causa
504 1217 604 1287 affero
626 1221 827 1309 ptaeteritum
848 1219 924 1286 ahd.
948 1220 997 1287 hit
1022 1220 1184 1287 «vocavit
1201 1246 1234 1303 n,
1256 1243 1322 1309 ags.
1345 1221 1403 1303 het,
1429 1245 1482 1288 an.
1505 1221 1565 1303 hdr,

387 1331 446 1403 afr.
461 1334 511 1402 het
527 1333 604 1424 (htv)
627 1333 731 1424 quod,
754 1353 792 1402 ut
817 1357 897 1402 mox
918 1332 1105 1417 ostendam,
1128 1357 1167 1402 ex
1185 1335 1347 1418 *he-haita,
1371 1335 1569 1428 *(he·)b2t(e)

388 1467 501 1516 ortum
526 1467 589 1529 est,
609 1467 735 1516 mutata
754 1449 941 1535 germanica
962 1447 1170 1537 diphthongo
1192 1451 1227 1517 cti
1247 1449 1281 1516 in
1295 1450 1442 1518 vocalem
1463 1464 1569 1540 apro·

389 1565 535 1632 missam.

434 1679 616 1770 Postquam
630 1681 665 1747 in
679 1681 866 1768 germanica
881 1680 1067 1770 antiquiore
1082 1698 1114 1747 et
1127 1681 1236 1768 gotica
1247 1679 1357 1769 lingua
1372 1679 1445 1749 duae
1458 1683 1571 1770 conju·

388 1796 538 1881 gationes
554 1793 731 1862 verborum
746 1794 931 1863 validorum
947 1796 1142 1863 exstiterunt
1158 1818 1298 1886 quarum
1320 1794 1389 1863 haec
1411 1819 1468 1885 per
1488 1819 1570 1885 apo·

389 1907 561 1999 phoniam,
578 1908 633 1977 illa
655 1933 711 1998 per
732 1910 942 1978 iterationem
962 1911 1077 1999 primae
1097 1909 1228 1999 syllabae
1252 1913 1449 2000 praeteritum
1470 1911 1571 1980 infor·

390 2025 519 2107 mabar,
548 2027 582 2095 in
615 2026 898 2095 Scandinavorum
931 2028 1043 2114 lingua
1080 2045 1112 2094 ot
1146 2029 1180 2094 in
1213 2026 1357 2095 dialectis
1386 2027 1572 2095 Germaniae

391 2141 602 2210 occidentalis
628 2165 668 2208 ex
687 2140 844 2210 ambabus
871 2141 1157 2232 conjugationibus
1183 2167 1249 2212 una
1271 2142 1354 2212 facta
1385 2163 1452 2226 est,
1474 2145 1572 2232 raptis

390 2257 597 2347 reduplicatis
611 2259 781 2348 praeteritis
790 2259 826 2325 in
836 2257 1020 2347 analogiam
1031 2261 1272 2347 praeteritorum
1287 2282 1344 2350 per
1352 2257 1570 2349 apophoniam

391 2370 662 2441 informatorum.
686 2373 858 2441 Nonnulla
881 2374 981 2463 igitur
1009 2373 1108 2442 verba
1136 2373 1369 2463 reduplicatam
1396 2373 1572 2462 syllabam,

391 2489 513 2578 quippe
535 2512 609 2579 quae
628 2506 723 2557 acuta
746 2489 857 2574 fuerit,
881 2512 941 2579 pro
963 2491 1087 2558 sincera
1107 2491 1206 2580 stirpe
1229 2493 1381 2579 praeteriti
1401 2512 1573 2580 usurpave-

392 2623 487 2688 runt,
514 2627 590 2671 cum
613 2603 734 2673 vocalis
757 2604 872 2673 radicis
900 2623 957 2673 aut
982 2605 1087 2674 brevis
1108 2605 1193 2674 facta
1215 2605 1330 2690 fuerit,
1355 2625 1411 2674 aut
1435 2608 1573 2674 omnino

392 2722 572 2788 evanuerit.
585 2720 734 2810 Exempli
743 2723 866 2809 gratia:
886 2743 954 2809 ags.
969 2723 1046 2789 leort
1061 2747 1078 2786 <r
1096 2722 1242 2812 permisit
1256 2723 1417 2804 amaad«
1430 2723 1572 2804 suasit»,

392 2834 505 2904 dreord
530 2835 726 2916 «timuit»,
749 2834 825 2902 leole
847 2835 1009 2905 «saltavit
1026 2863 1058 2921 a,
1083 2836 1154 2904 heht
1178 2863 1194 2900 o
1215 2839 1343 2905 vocavit
1360 2863 1391 2919 a,
1415 2839 1496 2904 item
1519 2861 1571 2906 an.

390 2972 483 3018 snrra
499 2975 516 3014 r
535 2951 631 3018 vertit
648 2976 680 3035 a,
697 2973 769 3018 reru
791 2977 807 3015 a
826 2952 996 3040 remigavit
1013 2977 1045 3033 a,
1060 2974 1129 3020 scra
1150 2977 1166 3016 a
1184 2954 1265 3020 sevit
1282 2978 1313 3035 v,
1328 2953 1411 3019 slera
1432 2979 1448 3016 r<
1465 2950 1574 3019 verbe-

392 3068 473 3134 ravit
496 3093 527 3150 »,
551 3089 647 3153 grera
674 3092 690 3130 a
715 3067 868 3152 crevit»,
892 3091 993 3155 gnara
1018 3094 1034 3132 a
1057 3069 1132 3136 rasit
1153 3094 1198 3153 »3
1226 3069 1261 3135 in
1287 3065 1481 3159 quibusdam
1505 3067 1574 3136 aliis

391 3183 497 3250 verbis
512 3183 710 3272 reduplicata
732 3182 853 3271 syllaba
874 3207 951 3252 cum
970 3186 1069 3274 stirpe
1089 3184 1223 3264 coaluit,
1239 3203 1275 3252 ut
1291 3187 1324 3252 in
1339 3185 1574 3252 *we-waldum

394 3324 410 3362 a
428 3299 637 3388 regnavimus
654 3325 686 3381 a,
705 3299 804 3382 unde,
817 3319 942 3368 mutata
955 3324 987 3367 av
1001 3301 1036 3367 in
1051 3324 1072 3368 u
1081 3300 1142 3391 (²),
1150 3300 1375 3381 *weuuldume,
1386 3299 1570 3380 *arralduna

391 3414 629 3502 agawealdon,
648 3412 848 3486 factumest.
872 3416 1084 3484 Postremum
1105 3416 1140 3481 in
1162 3413 1276 3482 multis
1296 3414 1402 3482 verbis
1422 3434 1573 3483 accentus

392 3551 431 3596 ex
446 3528 643 3619 reduplicata
658 3529 779 3618 syllaba
793 3553 904 3598 rursus
919 3531 953 3598 in
970 3531 1105 3619 stirpem
1121 3528 1238 3597 cecidit
1247 3529 1308 3620 (³),
1324 3531 1367 3597 ita
1384 3550 1419 3597 ut
1434 3529 1573 3620 redupli-

392 3663 463 3712 cata
477 3642 611 3733 syllaba,
620 3664 773 3713 accentus
788 3668 913 3735 expers,
924 3645 1058 3714 tandem
1074 3645 1253 3713 evanuerit.
1270 3643 1354 3712 Satis
1365 3645 1425 3712 erit
1435 3644 1572 3734 exempli

392 3783 489 3830 causa
503 3759 617 3829 afferre
635 3763 839 3851 ptaeteritum
857 3761 974 3830 *ht-hat
995 3761 1158 3829 avocavit
1174 3787 1191 3824 a
1214 3760 1303 3850 quod
1320 3761 1356 3828 in
1376 3760 1472 3843 hehet,
1489 3761 1569 3843 hbet,

392 3875 623 3945 humatarum
638 3895 699 3944 est.

429 4173 453 4214 1.
470 4156 514 4211 De
528 4154 579 4209 lrac
594 4157 745 4228 quaestione
758 4155 944 4210 controversia
958 4155 1029 4210 inter
1043 4153 1134 4225 Kluge
1147 4153 1248 4224 (Germ.
1260 4153 1351 4225 Cani,
1367 4171 1393 4224 p.
1411 4169 1445 4224 74
1459 4157 1531 4226 sqq.)
1546 4167 1572 4210 et
1605 4227 1606 4230 Ἴ

390 4243 459 4299 Paul
472 4245 578 4313 (Beda,
598 4259 647 4312 542
662 4244 736 4317 sqq.)
754 4255 849 4299 exorta
867 4257 916 4300 est.
934 4245 1007 4300 Cum
1022 4243 1193 4315 paucissima
1212 4244 1265 4297 sint
1283 4242 1447 4313 germanicar
1464 4239 1568 4311 formae,

391 4349 448 4386 non
465 4333 530 4387 satis
548 4345 640 4403 aperte
660 4333 820 4404 perspicitur
838 4349 891 4405 qua
909 4331 971 4404 lege
990 4333 1019 4386 in
1038 4329 1211 4402 reduplicatis
1236 4331 1376 4401 praeteritis
1395 4331 1524 4400 spirantes
1542 4332 1570 4384 in

391 4421 495 4475 medias
509 4432 621 4474 mutatae
640 4420 749 4478 luerint.
770 4421 823 4476 Sed
838 4422 902 4493 quia
915 4421 944 4474 in
963 4419 1048 4484 *se-so,
1062 4417 1156 4483 *sle-sd,
1172 4417 1275 4484 *sna-sd,
1294 4417 1391 4491 'sc-sllp
1402 4441 1433 4466 =
1445 4436 1489 4474 an.
1505 4435 1570 4484 sero,

390 4509 466 4575 alera,
480 4525 564 4573 sana,
580 4521 639 4580 got.
660 4512 754 4581 saiqlip
773 4511 877 4582 spirans
896 4511 924 4564 in
943 4509 1064 4563 mediam
1085 4519 1189 4562 mutata
1208 4520 1257 4574 est,
1278 4506 1413 4578 conjicere
1432 4505 1494 4560 licet
1512 4523 1572 4560 sen·

390 4600 483 4652 tentiae
497 4598 548 4651 viri
562 4597 636 4651 docti
650 4597 718 4651 Paul
734 4597 816 4653 fidem
832 4600 966 4670 majorem
981 4595 1166 4651 adhibendam
1180 4611 1239 4649 esse
1258 4608 1285 4648 et
1302 4595 1420 4665 primam
1439 4593 1570 4665 syllabam

390 4699 499 4740 acutam
512 4685 613 4739 factam
627 4700 686 4739 esse
700 4699 762 4756 post
775 4699 883 4758 tempus
897 4703 953 4760 quo
967 4688 1099 4757 spirantes
1115 4685 1143 4737 in
1157 4684 1262 4738 medias
1276 4699 1413 4737 conversae
1427 4696 1498 4739 sunt.

427 4791 453 4831 2.
466 4773 607 4845 Cf.germ.
618 4771 728 4847 'jungar
739 4795 752 4825 α
763 4776 869 4847 juvenis
881 4797 895 4828 a
907 4776 1120 4849 ex‘J'awungw
1133 4772 1196 4828 abd.
1209 4775 1275 4826 niun
1285 4789 1317 4826 ex
1327 4789 1415 4842 germ.
1425 4771 1569 4825 ‘aarum

389 4865 515 4922 indoeur.
531 4864 611 4942 *ncyp
625 4865 687 4935 (scr.
705 4866 773 4920 nova
790 4881 923 4920 «novem
937 4867 975 4936 a).
992 4884 1018 4921 v.
1034 4865 1206 4934 Brugmanm
1223 4860 1375 4923 Grundriss,
1390 4861 1411 4925 1,
1429 4861 1443 4930 3
1461 4877 1520 4932 179.

428 4969 453 5024 3.
473 4956 509 5013 V.
530 4956 712 5023 Holthausen‚
732 4955 771 5014 K.
793 4955 840 5013 Zs.
860 4955 974 5020 XXVH,
995 4953 1047 5009 618
1066 4968 1148 5025 sqq.;
1170 4949 1298 5022 Hoffory,
1318 4949 1356 5006 K.
1383 4949 1430 5006 Zs.
1456 4947 1568 5015 xxvn,

394 5056 440 5116 593
457 5059 517 5115 sqq.
