3768 5742
814 1424 1259 1534 PROOEMIUM

507 2210 714 2291 Veterrimi
729 2210 921 2291 sermonis
942 2210 1175 2305 Germanici,
1198 2209 1464 2289 universarum
1486 2207 1630 2288 scilicet

454 2351 675 2433 Germaniae
694 2353 872 2457 gentium
887 2352 1101 2458 antiquitus
1117 2351 1355 2446 communis,
1373 2371 1630 2431 monumenta

453 2493 572 2591 nulla,
608 2495 748 2601 quippe
788 2495 853 2600 qui
875 2494 1012 2576 litteris
1040 2521 1243 2601 nunquam
1276 2493 1484 2574 mandatus
1510 2489 1628 2574 fuisse

452 2635 638 2733 videatur,
655 2635 780 2718 adhuc
795 2637 1032 2718 exstiterunt.
1053 2637 1266 2741 Legitimos
1287 2636 1404 2740 igitur
1430 2662 1473 2715 ac
1492 2635 1627 2740 genui·

454 2804 522 2857 nas
534 2775 650 2883 hujus
667 2779 857 2859 sermonis
873 2775 1029 2874 formas
1046 2805 1066 2858 e
1081 2777 1221 2884 quibus
1236 2797 1272 2858 et
1289 2778 1417 2883 gotica
1430 2775 1627 2874 vocabula,

454 2945 525 3000 nec
551 2947 631 3001 non
657 2920 821 3001 diutisca
842 2941 878 3002 et
907 2920 1086 3002 saxonica
1116 2921 1342 3027 deprompta
1365 2938 1560 3026 apparent,
1589 2920 1627 3000 in

452 3060 656 3165 pristinam
682 3064 849 3169 speciem
880 3064 1078 3144 restituere
1105 3065 1169 3171 qui
1197 3061 1360 3149 studeat,
1385 3063 1508 3143 varias
1536 3088 1627 3143 eum

452 3203 717 3286 consimilium
739 3203 1017 3286 vocabulorum
1038 3203 1194 3301 formas,
1224 3233 1318 3311 quas
1342 3204 1388 3286 ab
1410 3232 1492 3286 uno
1519 3202 1626 3286 fonte

451 3344 584 3425 cadere
629 3344 881 3428 dialectorum
914 3375 1128 3430 consensus
1166 3346 1424 3444 demonstrat,
1458 3366 1627 3452 repetere

450 3505 565 3593 atque
583 3485 754 3570 conferre
770 3515 922 3571 necesse
944 3512 1012 3572 est.
1032 3490 1274 3594 Linguarum
1297 3508 1427 3569 autem
1448 3488 1626 3582 studiosi,

451 3630 550 3711 inter
576 3631 806 3712 vetustiores
837 3632 1124 3713 Germanorum
1150 3607 1345 3727 dialectos
1379 3656 1446 3711 sex
1473 3656 1626 3736 praeser·

449 3771 521 3852 tim
547 3799 744 3855 secernere
773 3772 911 3871 solent,
939 3802 1032 3881 quas
1055 3801 1187 3855 rursus
1210 3800 1351 3854 omnes
1380 3772 1452 3854 sub
1481 3772 1627 3879 duplici

450 3915 571 4021 capite
591 3937 802 4013 recensent,
819 3944 977 4023 nempe:

502 4054 547 4162 a)
564 4057 895 4140 Scandinavorum
907 4078 943 4141 et
955 4060 1150 4141 Gotorum
1165 4055 1395 4163 (altnordisrh
1405 4052 1625 4162 [¹],g0tisch)

450 4225 544 4304 quas
562 4198 741 4282 nonnulli
758 4201 988 4283 «orientalis
1004 4202 1226 4284 Germaniae
1241 4198 1424 4281 dialectos
1439 4229 1460 4274 >t
1478 4195 1625 4305 (ostger-

450 4339 626 4447 manisch)
648 4373 667 4417 >r
690 4361 838 4423 vocant.

487 4651 510 4688 1.
540 4635 774 4690 Scandinavorum
802 4636 894 4707 lingua
918 4639 973 4708 jam
996 4649 1058 4691 ante
1082 4637 1219 4690 decimum
1244 4635 1376 4690 saeculum
1399 4647 1459 4705 post
1484 4634 1626 4688 Christum

448 4735 544 4777 natum
559 4727 586 4779 in
601 4724 677 4792 duas,
692 4725 790 4780 deinde
804 4742 875 4781 nova
888 4727 1020 4781 divisione
1041 4727 1069 4780 in
1088 4737 1215 4797 quattuor
1235 4724 1366 4778 dialectos
1380 4723 1511 4788 discessit,
1527 4723 1554 4776 in
1569 4721 1626 4776 dia-

448 4811 533 4868 lectos
548 4813 650 4868 scilicet
665 4815 849 4870 Scandinaviae
864 4815 1037 4871 occidentalis
1050 4814 1254 4884 (westnordisch)
1268 4829 1328 4886 quae
1347 4813 1430 4882 vulgo
1449 4810 1627 4864 aitisldndr'sclr

448 4909 474 4950 et
496 4898 701 4971 altnorwcgiscb,
722 4911 749 4954 et
768 4898 896 4954 dialectos
914 4900 1101 4954 Scandinaviae
1117 4897 1258 4954 orientalis
1271 4896 1450 4969 (ostnordisch)
1465 4911 1526 4967 quae
1541 4894 1627 4966 vulgo

447 4984 633 5042 altscbwedisclr
647 4988 827 5060 (nltgurm'sch)
841 5001 867 5043 et
880 4989 1020 5043 altddnr'sch
1035 5001 1175 5043 vocantur.
