3768 5742
875 1544 1030 1614 CAPUT
1055 1543 1088 1611 11

395 1779 661 1844 Enumerantur
686 1780 798 1846 verba
827 1781 1036 1864 germanica
1063 1778 1326 1859 reduplicatum
1350 1778 1568 1858 praeteritum

418 1897 638 1971 exhibentia,
653 1901 689 1960 et
702 1896 882 1992 vocabula
896 1916 920 1960 a
935 1897 1144 1962 verbalibus
1159 1893 1335 1975 stirpibus
1349 1893 1543 1956 declinata.

437 2621 617 2712 Postquam
646 2621 767 2690 formas
793 2620 1032 2690 enucleavimus
1061 2644 1140 2711 quas
1165 2621 1199 2689 in
1223 2619 1359 2708 singulis
1380 2621 1566 2688 Germaniae

392 2734 535 2804 dialectis
551 2735 644 2804 verba
666 2737 864 2826 praeteritum
881 2760 938 2826 per
956 2737 1165 2805 iterationem
1183 2737 1298 2825 primae
1313 2734 1444 2825 syllabae
1463 2735 1565 2804 infor·

391 2850 516 2916 mantia
537 2850 702 2933 exhibent,
729 2875 815 2918 nunc
836 2852 1042 2941 propositum
1065 2869 1114 2917 est
1135 2849 1229 2916 nobis
1253 2851 1286 2915 in
1305 2848 1370 2917 boc
1390 2849 1493 2938 capite
1512 2868 1563 2930 ut,

392 2965 517 3034 collatis
534 2966 639 3034 verbis
653 2966 872 3035 consimilibus
887 2987 920 3035 et
933 2965 1098 3034 vocabulis
1118 2990 1135 3034 a
1154 2967 1330 3035 verborum
1350 2966 1509 3034 radicibus
1529 2968 1563 3034 in

393 3084 618 3170 congeneratis
642 3082 782 3152 dialectis
805 3084 992 3152 Germaniae
1014 3084 1178 3166 derivatis,
1199 3083 1322 3151 formas
1340 3106 1430 3151 veras
1448 3103 1480 3150 et
1503 3104 1564 3171 ge-

391 3198 505 3264 nuinas
523 3197 700 3267 verbalium
715 3199 859 3267 radicum
880 3199 920 3268 ad
942 3198 1025 3268 hanc
1047 3201 1315 3288 conjugationem
1330 3200 1563 3287 pertinentium

388 3313 607 3382 restituamus

706 3511 748 3577 A.
763 3511 865 3578 -De
879 3511 981 3580 verbis
992 3514 1107 3600 prim
1121 3512 1238 3579 classis.

435 3726 464 3772 1.
483 3706 599 3774 Germ.
615 3705 771 3796 *albanen
785 3726 855 3796 got.
875 3707 1027 3799 us-alban
1045 3736 1062 3774 α
1078 3731 1291 3777 senescere».

432 3820 470 3888 ln
485 3822 593 3890 latinis
607 3821 770 3891 vocabulis
783 3822 877 3906 alere,
894 3823 1095 3908 adolescens,
1112 3824 1287 3908 ad-ul-lus,
1301 3824 1395 3906 allus,
1412 3843 1492 3912 etc.,
1508 3849 1558 3914 gr.

386 3937 555 4018 rival-mg
577 3935 626 4026 (V.
654 3937 693 4004 L.
720 3938 845 4025 Meyer,
865 3939 895 4006 V
891 3939 939 4028 gl.
966 3938 1126 4020 Gramm.,
1148 3962 1182 4029 p.
1205 3938 1300 4028 702),
1315 3957 1387 4028 got.
1413 3939 1489 4008 alan
1508 3940 1558 4031 (p.

385 4072 479 4139 praes.
496 4049 609 4119 alands
625 4055 873 4143 «ἐντρεφόμενος
889 4053 936 4144 »),
954 4054 1044 4143 aljan
1061 4081 1077 4120 u
1094 4052 1179 4123 alere
1190 4080 1224 4136 a,
1238 4077 1292 4121 an.
1311 4053 1366 4120 ala
1384 4056 1558 4144 «gignere,

385 4187 495 4252 parere
506 4191 539 4246 u,
554 4187 622 4252 ags.
638 4166 715 4233 alan
731 4193 748 4230 a
761 4165 857 4250 alere,
873 4191 1053 4258 procreare,
1069 4192 1221 4257 apparere
1233 4194 1264 4250 u,
1282 4167 1423 4236 radicem
1438 4166 1560 4237 nudam

384 4281 417 4347 al
430 4281 616 4349 invenimus
630 4303 669 4348 ex
685 4304 761 4371 qua,
777 4281 883 4350 addita
897 4283 1018 4372 syllaba
1038 4284 1212 4352 derivativa
1229 4284 1296 4372 idg.
1314 4297 1371 4367 -to,
1386 4307 1489 4373 germ.
1504 4285 1561 4375 -Ρῦ

384 4418 525 4486 praesens
540 4394 631 4485 *dlbo
643 4394 858 4463 informatum
872 4397 947 4489 est(
960 4398 988 4489 ).

430 4509 555 4580 Omnia
580 4512 736 4580 vocabula
759 4537 798 4580 ex
818 4512 923 4582 radice
943 4514 977 4582 al
998 4513 1173 4584 informata
1193 4516 1343 4584 eamdem
1366 4515 1513 4584 vocalem
1537 4539 1559 4584 a

384 4627 548 4697 exhibent.

421 4935 443 4976 t.
461 4919 498 4974 Ut
512 4936 545 4974 ex
558 4922 648 4976 radice
660 4921 688 4975 al
700 4937 787 4993 germ.
804 4921 872 4975 *αὶ-ὃ
885 4933 912 4978 et
926 4923 1030 5002 *al-bo,
1045 4927 1084 4977 ita
1099 4939 1131 4977 ex
1146 4924 1236 4979 radice
1246 4925 1304 4998 plelr
1317 4941 1405 4996 graece
1418 4927 1517 4980 πλέκιω
1530 4940 1558 4982 et

383 5008 466 5063 latine
476 5009 569 5079 pler-lo
582 5008 729 5063 informata
742 5021 814 5067 sunt.
830 5040 866 5052 -
880 5011 1002 5078 Ostholl,
1018 5013 1059 5067 M.
1079 5012 1112 5068 ll.
1128 5013 1151 5079 1,
1167 5013 1230 5072 228.
