3768 5742
796 867 1019 931 ..82-

324 1035 340 1072 t<
368 1009 414 1075 sei
437 1008 531 1097 ruhig
554 1034 570 1073 »
598 1025 676 1088 cet.,
701 1008 817 1076 autin
843 1006 1023 1074 vetustiore
1045 1005 1156 1095 lingua
1184 1004 1501 1074 bistu·r·unschuldic

324 1153 340 1189 «
356 1125 419 1193 bist
432 1125 475 1194 du
492 1123 685 1213 unschuldig
703 1150 733 1192 a.

323 1442 361 1508 B.
381 1482 421 1492 -
438 1442 513 1528 Qua
528 1443 593 1530 lege
607 1467 644 1510 ex
656 1442 858 1531 reduplicatis
869 1441 1024 1530 perfectis,
1036 1445 1199 1529 praeterita
1212 1456 1271 1531 per
1290 1441 1500 1530 apophoniam

722 1557 895 1645 informata
909 1559 1093 1625 exstiterint.

366 1776 428 1843 Res
449 1794 497 1842 est
518 1776 794 1858 notissimarum
819 1773 952 1863 perlecti
968 1777 1102 1863 stirpem
1124 1777 1160 1842 in
1184 1774 1501 1864 Indoeutopaeotum

320 1911 471 1957 sermone
495 1890 664 1957 communi
688 1912 746 1978 per
768 1891 975 1957 iterationem
1001 1892 1114 1979 primae
1137 1891 1267 1978 syllabae
1288 1890 1501 1960 informatam

321 2003 429 2084 fuisse,
446 2023 518 2070 tum
533 2002 762 2093 reduplicatam
778 2004 932 2092 syllabam
948 2027 1190 2094 nonnunquam
1204 2007 1238 2073 in
1253 2006 1499 2096 indoeutopaea,

325 2120 538 2208 saepissimein
548 2120 732 2205 germanica
740 2118 1008 2209 linguacecidisse
1017 2121 1075 2213 (¹)
1088 2122 1195 2209 Major
1204 2124 1293 2188 enim
1304 2143 1375 2211 pars
1385 2120 1501 2189 verbo·

321 2258 392 2301 rum
406 2258 477 2324 quae
491 2234 645 2303 dicuntur
660 2235 841 2304 validorum
860 2239 1062 2326 praeteritum
1081 2261 1137 2326 per
1155 2237 1378 2328 apopboniam
1398 2235 1500 2305 infor·

321 2370 388 2418 tnat
404 2369 437 2416 et
450 2353 616 2438 praesentis
638 2351 730 2439 stirpi
752 2350 945 2440 plerumque
965 2349 1105 2439 gradum
1121 2353 1306 2436 graviorem
1330 2351 1344 2418 I
1369 2351 1497 2432 radicis,

320 2465 471 2553 praeteriti
495 2465 586 2554 stirpi
608 2465 792 2553 graviorem
816 2465 848 2532 II
876 2463 1019 2534 adhibet.
1050 2466 1155 2532 Pauca
1184 2484 1295 2533 tamen
1324 2485 1499 2554 supersunt

320 2580 464 2669 exempla
478 2579 653 2648 verborum
664 2580 759 2667 hujus
774 2580 1000 2668 descriptionis
1011 2603 1083 2670 quae
1094 2580 1325 2670 reduplicatam
1342 2580 1499 2672 syllabam

321 2697 418 2762 etiam
444 2697 476 2762 in
499 2698 683 2783 germanica
704 2695 814 2784 lingua
831 2697 1006 2763 servavisse
1025 2696 1180 2765 videntur
1197 2723 1204 2764 :
1229 2695 1376 2764 Verbum
1397 2698 1501 2766 *slaha

322 2811 488 2878 «verbero
514 2839 529 2874 a
553 2813 753 2902 praeteritum
776 2810 873 2878 *slohe
895 2811 985 2900 (got.
1009 2810 1086 2893 slah,
1108 2836 1162 2881 an.
1188 2813 1267 2903 sldg,
1293 2812 1369 2882 ahd.
1392 2815 1496 2904 sluog,

320 2948 386 3014 ags.
404 2925 480 3006 sloh,
491 2924 570 3014 alig,
584 2923 641 2993 afr.
659 2925 738 3014 slog,
751 2924 850 3013 siocli)
860 2945 893 2992 et
906 2924 1049 2991 *sle-sibe
1058 2926 1128 3016 (an.
1146 2927 1228 2994 slata
1240 2928 1342 3017 sloru)
1355 2928 1490 3016 praebet3

320 3041 406 3109 haud
430 3041 519 3109 aliter
539 3040 682 3109 flectitur
705 3062 811 3128 germ.
834 3040 957 3107 *wahso
981 3062 1182 3123 «cresco»,
1208 3067 1241 3131 p.
1267 3043 1383 3110 *wohsc
1408 3045 1496 3135 (got.

321 3231 532 3244 n—-n

358 3369 380 3408 1.
397 3352 438 3406 De
452 3350 512 3421 lege
525 3354 601 3422 cnjus
617 3367 698 3422 opera
718 3352 745 3404 in
767 3350 960 3420 indoeuropaea
979 3361 1025 3403 aut
1044 3355 1201 3421 germanica
1220 3351 1314 3424 ilngua
1332 3352 1500 3425 reduplicata

319 3440 421 3513 syllaba
442 3440 553 3511 perlecti
578 3440 714 3504 ceciderit,
737 3455 795 3492 non
817 3441 991 3493 consentiunt
1012 3441 1195 3510 grammatici.
1217 3442 1308 3496 Docet
1325 3443 1349 3512 J.
1374 3442 1500 3497 Schmidt

318 3530 370 3598 (K.
387 3530 432 3584 Zs.
453 3528 540 3594 XXV,
562 3545 595 3598 30
613 3528 687 3599 sqq.)
702 3526 897 3598 reduplicatam
912 3527 1046 3600 syllabam
1062 3529 1090 3581 in
1104 3528 1202 3582 formis
1216 3531 1344 3585 cecidisse
1360 3531 1501 3602 inquibus

318 3617 628 3690 terminationissyllaba
638 3628 716 3670 acuta
727 3629 784 3669 erat
795 3634 802 3682 ;
814 3617 912 3672 deiude
922 3633 954 3670 ex
962 3616 1104 3686 *bitunt(e)‚
1116 3617 1270 3687 'irtdim(e),
1282 3619 1417 3689 analogiae
1426 3620 1499 3690 lege,

320 3711 452 3778 praeterita
467 3707 549 3770 ‘belia
565 3703 657 3758 *batim
669 3707 731 3774 (pro
745 3702 870 3768 *be-beiti,
883 3705 1015 3775 lae-batiae)
1028 3718 1088 3759 orta
1102 3721 1169 3762 esse.
1180 3737 1214 3746 —
1226 3705 1342 3761 Osthoff
1352 3708 1389 3777 (v.
1407 3707 1450 3764 Μ.
1465 3707 1498 3764 U.

319 3797 367 3862 IV,
384 3813 410 3867 p.
426 3794 498 3858 VIII,
515 3794 548 3848 cf.
565 3811 591 3864 p.
612 3809 658 3864 133
678 3793 706 3844 in
719 3791 826 3861 notula)
840 3793 952 3863 conjicit
966 3791 1163 3863 reduplicatam
1182 3793 1316 3867 syllabam
1336 3809 1398 3849 ante
1418 3795 1501 3869 sylla-

320 3885 383 3938 bam
396 3897 502 3938 acutam
513 3883 554 3948 (id
569 3894 609 3937 est
618 3895 681 3935 ante
691 3882 804 3951 stirpem
815 3882 994 3952 graviorem),
1006 3893 1052 3935 aut
1066 3894 1210 3937 accentum
1221 3901 1334 3954 gravem
1343 3885 1502 3955 (Nabanton)
1607 3923 1610 3932 .

319 3975 451 4046 accepisse
469 3971 592 4043 (si-sede,
613 3972 736 4043 gi·gime,
756 3969 790 4026 ci.
813 3987 865 4028 scr.
891 3971 991 4037 sastida,
1009 3973 1141 4044 jagdma),
1162 3984 1209 4026 aut
1232 3985 1359 4027 accentus
1383 3975 1501 4027 omnino

319 4077 454 4134 expertem
469 4060 550 4115 fuisse
564 4077 595 4113 ac
611 4073 749 4131 postremo
769 4059 890 4131 elapsam
911 4075 969 4115 esse
987 4060 1113 4130 (bc-sodi,
1128 4061 1231 4128 ‘s-sbda,
1245 4061 1301 4115 sida
1312 4085 1345 4110 =
1354 4073 1413 4132 got.
1429 4062 1499 4131 sat);

318 4151 510 4224 reduplicatam
529 4161 619 4203 autem
638 4146 783 4220 syllabam,
802 4150 885 4218 salrpe
910 4147 1013 4203 leviore
1033 4149 1058 4203 11
1078 4151 1198 4216 subacta,
1219 4162 1363 4203 accentum
1386 4166 1500 4221 gravem

318 4257 425 4311 semper
437 4241 570 4310 accepisse
584 4236 683 4306 [germ.
699 4235 712 4260 *
726 4237 911 4306 bi-bitrim(e)],
929 4237 976 4290 sed
991 4239 1074 4308 stirpe
1087 4236 1217 4291 leviorel
1236 4237 1357 4303 subacta,
1373 4251 1501 4293 accentus

318 4342 453 4402 expertein
469 4343 575 4397 semper
588 4324 669 4379 luisse
687 4328 783 4394 lgerrn.
800 4323 1057 4396 *la(eyht·twtim(e)];
1074 4326 1148 4392 ideo,
1164 4325 1298 4398 analogiae
1317 4325 1379 4398 lege
1393 4343 1458 4381 cum
1472 4329 1501 4381 ln

318 4419 472 4490 germanica
487 4415 580 4486 lingua
594 4413 688 4466 *bitum
703 4413 749 4483 (ex
763 4413 925 4482 *bi-bitrime)
938 4428 985 4468 aut
999 4415 1130 4470 'lteuwum
1145 4416 1190 4485 [ex
1203 4415 1427 4486 'hc-huwam(c)],
1440 4429 1500 4469 tum

319 4509 346 4560 in
365 4505 518 4561 sanseritica
537 4503 610 4557 etin
629 4517 718 4572 graeca
738 4501 875 4572 bublum,
896 4505 1031 4573 πεφρίκασι
1050 4520 1082 4557 ex
1099 4503 1208 4574 ‘biniya'i
1228 4516 1279 4558 cet.
1302 4516 1362 4556 otta
1381 4519 1447 4558 esse.
1464 4533 1502 4543 —

318 4594 406 4666 llluge
420 4593 574 4664 (Grtmdriss
588 4591 613 4646 d.
627 4591 653 4647 d.
671 4591 754 4656 Phil,
767 4592 788 4658 1,
805 4591 819 4661 5
836 4592 882 4661 37)
895 4592 1007 4660 conjicit
1022 4592 1216 4664 reduplicatam
1230 4591 1366 4665 syllabam
1379 4593 1498 4663 primurn

319 4685 347 4737 in
362 4683 458 4756 plurali
472 4698 586 4737 numero
600 4680 748 4735 verborum
759 4681 915 4735 validorum
926 4692 1028 4752 quartae
1038 4694 1065 4735 et
1074 4685 1176 4753 quintae
1190 4681 1283 4736 classis
1293 4681 1384 4755 'sedan
1401 4682 1502 4754 ‘gesaget

317 4773 379 4843 (pro
394 4773 522 4845 'se-qd-qt,
538 4772 700 4843 *ge-gm-pt),
721 4770 828 4836 deinde,
850 4768 985 4840 analogiae
1004 4769 1076 4842 lege,
1096 4773 1124 4825 ln
1143 4770 1275 4842 singulari
1290 4787 1407 4825 numero
1421 4770 1500 4836 *sida

317 4860 409 4932 'ginta
424 4862 485 4916 inde
499 4863 581 4916 etiam
597 4861 728 4932 paulatim
743 4861 771 4913 ln
786 4860 881 4913 ceteris
900 4857 1031 4914 classibus
1049 4862 1196 4915 verborum
1217 4860 1372 4914 validorum
1392 4863 1421 4914 in
1440 4876 1501 4931 ger-

319 4951 424 5004 manica
438 4950 531 5022 IIngua
546 4950 684 5006 cecidisse.
