3768 5742
842 1549 998 1619 CAPUT
1024 1547 1073 1617 III

460 1817 509 1882 De
532 1819 654 1883 radice
677 1817 868 1882 vorborum
891 1817 1112 1901 praeteritum
1135 1834 1199 1898 per
1221 1815 1453 1878 iterationem

650 1970 779 2052 primas·
797 1969 950 2055 syllabae
974 1967 1259 2032 informandum.

408 2847 447 2915 In
462 2849 570 2938 primo
585 2847 689 2937 capite
702 2845 1002 2916 demonstravimus
1017 2872 1090 2938 quae
1104 2845 1224 2916 fuerint
1238 2846 1352 2917 classes
1368 2847 1544 2915 verborum

363 2963 602 3053 reduplicatum
615 2965 816 3054 praeteritum
832 2963 1057 3032 exhibentium
1072 2988 1105 3032 tn
1120 2963 1255 3053 singulis
1270 2963 1457 3032 Germaniae
1479 2960 1545 3030 dia·

363 3078 454 3148 lectis
461 3107 470 3165 ;
483 3079 558 3148 dein
566 3080 601 3147 in
609 3080 724 3165 altero,
732 3079 857 3148 collatis
867 3100 1164 3167 congeneratorum
1172 3078 1483 3161 verborumformis‚
1492 3101 1546 3145 ve·

362 3212 446 3262 teres
460 3194 581 3263 fortnas
590 3197 793 3283 germanicas
804 3195 1020 3263 restituimus.
1033 3195 1133 3263 Nunc
1145 3215 1269 3276 autem,
1281 3211 1437 3283 congesta
1452 3194 1545 3261 omni

362 3311 496 3377 materia
509 3327 636 3390 nostra,
652 3309 725 3376 licet
735 3308 832 3395 hujus
844 3311 951 3397 operis
960 3311 1156 3398 praecipuam
1167 3328 1293 3398 partem
1303 3309 1543 3397 aggrediamur,

361 3423 630 3514 inquiremusque
644 3423 762 3513 quibus
779 3423 917 3510 legibus,
934 3425 968 3491 in
979 3423 1119 3492 decursu
1130 3425 1274 3492 historiae
1283 3424 1544 3513 germanicarum
1582 3470 1584 3475 -

360 3536 589 3622 dialectorum,
605 3558 637 3607 et
652 3541 768 3627 stirpes
783 3540 951 3628 praesentis
966 3541 1185 3630 praeteritique
1199 3538 1385 3608 informatae
1399 3538 1451 3605 vel
1471 3560 1544 3605 mu·

360 3670 436 3721 tatae
451 3653 530 3735 sint,
551 3671 583 3721 et
603 3653 801 3742 reduplicara
820 3652 943 3742 syllaba
962 3655 996 3722 in
1017 3655 1181 3743 praeterito
1204 3672 1260 3721 aut
1281 3673 1406 3721 servata
1426 3654 1469 3720 sit
1488 3673 1544 3721 aut

360 3768 540 3834 evanuerit.

404 3882 435 3948 A
459 3881 564 3948 radice
587 3881 721 3949 initium
744 3885 819 3967 erit,
846 3902 879 3950 er
898 3884 1006 3973 primo
1026 3883 1066 3950 de
1085 3883 1355 3966 consonantibus,
1371 3880 1490 3951 deinde
1504 3880 1544 3949 de

360 3995 464 4063 vocali
478 3994 666 4085 loquemur.

698 4297 741 4363 A.
760 4335 802 4347 -
818 4297 869 4364 De
882 4295 1122 4366 consonantibus
1135 4298 1263 4368 radicis.

404 4518 677 4618 Consonantibus
692 4521 873 4606 prasertim
886 4519 1044 4589 vocabula
1054 4521 1262 4606 innituntur;
1276 4542 1353 4590 nant
1364 4522 1399 4588 iu
1414 4543 1544 4610 quaque

360 4631 464 4700 radice
483 4654 639 4724 apparent
660 4656 882 4703 consonantes
904 4661 989 4726 quae,
1005 4639 1031 4704 si
1053 4659 1121 4704 non
1142 4636 1271 4704 stabiles
1289 4653 1379 4721 sunt,
1399 4655 1432 4703 at
1452 4659 1543 4704 corn-

358 4748 514 4816 munibus
539 4767 672 4817 tantum
695 4750 875 4837 germanici
896 4753 1059 4820 sermonis
1083 4750 1209 4838 legibus
1232 4758 1465 4821 immutantur.
1492 4751 1544 4819 De

358 4861 476 4931 talibus
490 4864 743 4949 mutationibus,
759 4886 833 4955 quae
847 4868 1001 4934 omnium
1017 4867 1203 4935 Germaniae
1216 4864 1430 4935 dialectorum
1450 4885 1541 4948 sunt,

359 5000 428 5045 non
453 4979 660 5063 curabimus;
686 4981 744 5049 has
760 5003 838 5049 vero
862 4999 993 5050 tantum
1015 4983 1236 5071 respiciemus,
1257 4983 1292 5051 in
1313 4982 1431 5072 quibus
1454 4980 1543 5049 radix
