3768 5742
439 1095 479 1186 d)
493 1094 749 1184 Diphthongum
764 1098 799 1162 ed
809 1092 847 1162 ad
858 1093 1100 1163 informandam
1111 1094 1262 1184 praeteriti
1274 1093 1408 1182 stirpem
1419 1113 1577 1181 usurpant

396 1212 431 1277 in
448 1211 723 1299 Anglosaxonum
739 1209 849 1298 lingua
864 1212 963 1278 etiam
978 1209 1075 1278 verba
1089 1211 1202 1298 primae
1216 1206 1337 1292 classis,
1355 1231 1427 1298 quae
1441 1209 1475 1276 in
1490 1228 1577 1276 cete-

398 1327 441 1393 ris
457 1326 644 1394 Germaniae
658 1325 801 1394 dialectis
816 1349 942 1416 semper
956 1324 1103 1393 vocalem
1118 1349 1134 1391 e
1149 1324 1280 1393 brevem
1295 1322 1451 1413 praebent.
1465 1324 1576 1407 Quam

399 1440 646 1531 diphthongum
657 1465 690 1508 co
701 1441 832 1509 brevem
844 1464 901 1531 per
911 1441 1103 1510 fractionem
1116 1464 1154 1508 ex
1165 1444 1184 1507 ἕ
1191 1460 1298 1508 ortam
1310 1463 1390 1522 esse,
1401 1441 1579 1529 sequentel

399 1579 561 1638 consona,
575 1555 695 1624 docent
712 1557 848 1625 Scherer
862 1558 920 1648 (Z.
941 1555 1047 1625 Gesch.
1064 1556 1097 1626 d.
1114 1557 1147 1622 d.
1162 1554 1308 1644 Sprache,
1323 1578 1354 1643 p.
1371 1556 1454 1645 284)
1462 1575 1494 1622 et
1510 1555 1579 1622 Sie-

400 1696 473 1741 vers
486 1673 602 1764 (Beitr.
620 1672 650 1756 l,
670 1693 731 1760 507
750 1673 838 1763 sqq.)
849 1671 901 1764 [¹].
920 1671 1003 1739 Mihi
1018 1690 1129 1738 tamen
1150 1671 1279 1738 videtur
1293 1669 1372 1737 fides
1387 1674 1493 1760 major
1506 1693 1579 1738 sen·

401 1790 513 1856 tentiae
534 1788 596 1854 viri
619 1786 709 1855 docti
730 1786 837 1876 Kluge
855 1787 981 1878 (Germ.
1007 1789 1101 1878 conj„
1126 1811 1159 1876 p.
1185 1807 1242 1854 101
1264 1809 1314 1876 sq.
1340 1786 1381 1852 cf.
1406 1785 1580 1855 Grundriss

401 1903 433 1969 d.
448 1903 481 1970 d.
496 1901 629 1988 Philol,
642 1902 671 1986 I,
683 1926 716 1992 p.
737 1903 820 1993 374).
833 1902 1025 1984 adhibenda,
1038 1905 1093 1993 qui
1105 1903 1266 1991 praeterita
1275 1901 1451 1969 verborum
1467 1903 1580 1991 primae

401 2019 509 2086 classis
535 2017 649 2087 eadem
666 2018 738 2108 lege
758 2018 933 2087 informata
952 2041 1021 2086 esse
1044 2019 1206 2085 existimat
1226 2041 1291 2106 qua
1310 2019 1409 2085 etiam
1429 2017 1580 2108 pleraque

402 2136 565 2223 praeterita
576 2135 610 2201 in
626 2135 877 2222 anglosaxonica
890 2135 1000 2222 lingua
1013 2133 1183 2201 informari
1197 2133 1293 2221 paulo
1315 2136 1464 2222 superius
1489 2157 1581 2202 com·

354 2240 360 2248 ’
403 2251 560 2339 perimus.
589 2251 677 2318 Nam
702 2275 742 2318 ex
768 2249 1017 2341 *he-(b)uldume
1041 2275 1057 2313 a<
1086 2251 1251 2317 tenuimus
1277 2275 1315 2331 a,
1342 2250 1581 2318 *we-waldum

405 2392 422 2429 α
436 2368 643 2455 regnavimus
656 2392 688 2450 n,
698 2366 926 2433 *wc-wallatiae
941 2392 956 2428 a
970 2363 1148 2433 ferbuimus
1161 2391 1193 2449 n,
1205 2365 1433 2433 *we-wultume
1446 2391 1462 2428 «
1477 2366 1582 2434 voluti

405 2503 521 2548 sumus
537 2507 553 2545 u
570 2499 646 2548 nata
660 2500 739 2548 sunt
752 2480 928 2562 *hauddum
947 2480 1121 2548 *wealdam
1136 2499 1215 2562 cet,
1237 2503 1304 2568 ags.
1326 2481 1468 2562 hedldon,
1490 2483 1582 2550 weol-

403 2595 477 2677 don,
493 2595 638 2676 wenilon,
655 2595 797 2677 wedlton,
814 2597 947 2663 wedlcon
957 2618 971 2674 ;
992 2595 1078 2677 inde,
1101 2595 1256 2683 analogiae
1275 2596 1360 2684 lege,
1379 2618 1456 2663 cum
1478 2596 1579 2682 beata,

402 2712 515 2796 wedld,
541 2711 641 2793 weoll,
663 2709 753 2792 wedl,
774 2711 895 2791 willel,
923 2731 995 2779 turn
1017 2711 1130 2802 ΜΟ),
1150 2712 1250 2800 fedld,
1272 2712 1379 2795 stedld,
1402 2712 1488 2781 sedit.
1511 2714 1582 2782 Nec

403 2825 501 2894 verba
526 2845 656 2894 tantum
685 2848 828 2915 quorum
851 2828 946 2916 stirps
967 2827 1002 2893 in
1026 2849 1188 2894 consonas
1201 2828 1236 2894 lx
1258 2826 1390 2912 desinit,
1406 2826 1462 2894 sed
1482 2828 1580 2895 etiam

403 2941 501 3008 verba
516 2962 661 3032 quotum
676 2943 773 3031 stirps
789 2942 823 3008 in
837 2966 881 3009 nx
895 2942 1026 3024 desinit,
1047 2965 1301 3031 nonnunquam,
1323 2942 1481 3031 analogiae
1496 2944 1580 3031 lege,

404 3057 566 3144 praeterita
583 3077 640 3144 per
653 3058 688 3122 ed
707 3053 881 3123 informata
900 3076 1162 3145 usurpaverunt:
1186 3056 1229 3125 cf.
1251 3082 1283 3147 p.
1305 3064 1408 3146 gedng
1428 3085 1445 3122 a
1466 3061 1526 3128 ivit
1547 3086 1578 3143 a,

403 3170 553 3261 spedn(n)
571 3195 587 3233 a
605 3170 744 3238 tendit»
770 3193 842 3260 quae
865 3170 1109 3260 diphthongum
1130 3175 1163 3239 ed
1179 3172 1338 3261 praebent,
1359 3196 1450 3258 curn,
1471 3196 1581 3242 econ·

405 3288 519 3370 aratio,
535 3289 568 3353 in
582 3300 677 3375 spana
693 3286 798 3376 (Gen.
817 3289 912 3377 445),
929 3288 1029 3370 bland,
1043 3289 1126 3378 fang
1145 3309 1176 3356 et
1195 3289 1277 3375 beng
1294 3288 1446 3358 vocalis?
1463 3290 1580 3373 brevis,

405 3422 440 3470 ut
456 3403 491 3469 in
507 3402 621 3468 ceteris
636 3401 821 3470 Germaniae
831 3401 985 3487 dialectis,
999 3403 1093 3472 nobis
1105 3407 1256 3473 occurrit.
1271 3406 1424 3495 Denique
1439 3429 1509 3474 non
1521 3409 1582 3476 mi·

404 3518 544 3586 randum
562 3537 610 3584 est
624 3517 650 3584 si
670 3515 819 3607 quaedam
839 3517 936 3585 verba
956 3519 1105 3587 secundae
1127 3519 1245 3604 classis,
1264 3519 1379 3588 falsam
1396 3521 1580 3609 analogiam

404 3651 589 3721 prosecuta,
605 3636 640 3699 ed
662 3655 722 3722 pro
742 3645 760 3699 ῑ
777 3635 811 3700 in
834 3634 933 3722 stirpe
955 3634 1170 3718 exhibuerint,
1186 3637 1231 3703 ita
1249 3655 1286 3703 ut
1310 3635 1350 3704 de
1370 3638 1581 3726 praesentibus

404 3747 524 3815 bnatan
542 3773 558 3812 a
576 3767 743 3837 percutere
759 3773 791 3826 n,
812 3749 918 3816 blatan
936 3775 952 3814 a
971 3748 1068 3818 livere
1087 3776 1120 3832 a,
1138 3750 1278 3840 *swasan
1301 3750 1481 3820 «celeriter
1504 3776 1583 3821 mo·

403 3864 472 3930 veri
490 3889 506 3928 u
523 3866 685 3953 praeterita
698 3863 799 3946 hnedt,
817 3864 905 3947 blaa,
921 3867 1024 3955 nuens
1031 3864 1113 3934 flexa
1127 3864 1259 3935 luerint.

443 4192 586 4249 1.Vocalis
600 4209 612 4246 e
626 4206 688 4248 ante
703 4210 853 4249 consonam
863 4195 874 4249 l
883 4207 930 4250 aut
939 4195 966 4250 lx
975 4196 1135 4270 plerumque
1144 4197 1250 4267 integra
1260 4209 1366 4252 servata
1374 4210 1415 4253 est
1422 4199 1494 4269 (ags.
1506 4197 1583 4264 beon,

403 4280 506 4354 helpan,
522 4282 598 4351 cet),
614 4294 677 4337 ante
697 4281 723 4335 lh
742 4299 790 4353 per
809 4281 968 4339 fractionem
986 4284 1153 4356 (Brachuatg),
1169 4298 1216 4339 aut
1234 4298 1363 4357 sequente
1382 4286 1486 4360 syllaba
1504 4305 1583 4342 voca·

405 4368 460 4424 lem
475 4389 493 4424 u
508 4383 554 4425 aut
568 4386 583 4423 o
597 4372 752 4437 exhibente,
768 4388 815 4444 per
829 4372 1019 4444 periphoniam
1032 4373 1165 4445 (Umlaat)
1180 4376 1208 4428 in
1223 4391 1250 4428 ao
1268 4385 1372 4430 mutata
1382 4390 1422 4430 est
1430 4377 1500 4448 (ags.
1518 4377 1582 4443 eolla,

403 4459 481 4525 scoth,
491 4473 555 4524 cet,
567 4471 613 4515 aut
628 4459 717 4524 heora,
732 4461 968 4528 weorod,weorold,
980 4464 1055 4533 cet).
1070 4463 1136 4518 Ideo
1150 4479 1166 4517 e
1180 4462 1242 4534 *fell
1256 4463 1325 4519 nihil
1339 4465 1391 4520 nisi
1406 4481 1463 4536 ags.
1476 4465 1535 4534 sall,
1551 4482 1582 4520 es

401 4545 515 4615 'sellum
532 4549 591 4618 -ιῲ,
606 4565 655 4600 -un
669 4547 738 4602 nihil
753 4550 804 4603 nisi
820 4567 876 4620 ags.
899 4550 1006 4618 scollata,
1026 4551 1135 4621 scollata,
1152 4551 1211 4607 fieri
1226 4555 1324 4623 potuit.
1341 4573 1368 4609 v.
1384 4555 1501 4620 Sievers‚
1517 4555 1582 4628 Ags.

405 4634 536 4705 Graiam„
553 4637 583 4708 §5
600 4637 645 4704 81,
664 4635 730 4705 106;
745 4638 853 4710 Cosjin,
869 4640 996 4697 Altwests.
1016 4640 1145 4707 Graiam„
1161 4642 1183 4708 1,
1200 4659 1227 4714 p.
1245 4643 1289 4715 38.
